%% References are arranged to some extent in alphabetic order %% 

%%%%%%%%%%%%%%%%%%%%%%%%%%%%%%%%%%%%%%%%%%%%%%%%%%%%%%


@article{Argyres:2001eva,
author         = "Argyres, Philip C.",
title          = "{An Introduction to Global Supersymmetry}",
year           = "2001",
SLACcitation   = "%%CITATION = INSPIRE-1394462;%%"
}


@article{Aharony:1999ti,
  author        = "Aharony, Ofer and Gubser, Steven S. and Maldacena, Juan Martin and Ooguri, Hirosi and Oz, Yaron",
  title         = "{Large-$N$ field theories, string theory and gravity}",
  journal       = "Phys. Rept.",
  volume        = "323",
  year          = "2000",
  pages         = "183-386",
  doi           = "10.1016/S0370-1573(99)00083-6",
  eprint        = "hep-th/9905111",
}

@article{Aharony:2003sx,
  author        = "Aharony, Ofer and Marsano, Joseph and Minwalla, Shiraz and Papadodimas, Kyriakos and Van Raamsdonk, Mark",
  title         = "{The Hagedorn/Deconfinement Phase Transition in Weakly Coupled Large-$N$ Gauge Theories}",
  journal       = "Adv. Theor. Math. Phys.",
  volume        = "8",
  year          = "2004",
  pages         = "603--696",
  doi           = "10.4310/ATMP.2004.v8.n4.a1",
  eprint        = "hep-th/0310285",
}

@article{Aharony:2004ig,
  author        = "Aharony, Ofer and Marsano, Joe and Minwalla, Shiraz and Wiseman, Toby",
  title         = "{Black-hole--black-string phase transitions in thermal (1+1)-dimensional supersymmetric Yang--Mills theory on a circle}",
  journal       = "Class. Quant. Grav.",
  volume        = "21",
  year          = "2004",
  pages         = "5169-5192",
  doi           = "10.1088/0264-9381/21/22/010",
  eprint        = "hep-th/0406210",
}



@article{Aharony:2005ew,
  author        = "Aharony, Ofer and Marsano, Joseph and Minwalla, Shiraz and Papadodimas, Kyriakos and Van Raamsdonk, Mark and Wiseman, Toby",
  title         = "{The Phase structure of low-dimensional large-$N$ gauge theories on tori}",
  journal       = "JHEP",
  volume        = "0601",
  year          = "2006",
  pages         = "140",
  doi           = "10.1088/1126-6708/2006/01/140",
  eprint        = "hep-th/0508077",
}

@article{Anagnostopoulos:2007fw,
  author        = "Anagnostopoulos, Konstantinos N. and Hanada, Masanori and Nishimura, Jun and Takeuchi, Shingo",
  title         = "{Monte Carlo studies of supersymmetric matrix quantum mechanics with sixteen supercharges at finite temperature}",
  journal       = "Phys. Rev. Lett.",
  volume        = "100",
  year          = "2008",
  pages         = "021601",
  doi           = "10.1103/PhysRevLett.100.021601",
  eprint        = "0707.4454",
  archivePrefix = "arXiv",
}

@article{Asano:2016xsf,
  author        = "Asano, Yuhma and Filev, Veselin G. and Kov{\'a}{\v{c}}ik, Samuel and O'Connor, Denjoe",
  title         = "{The flavoured BFSS model at high temperature}",
  journal       = "JHEP",
  volume        = "1701",
  year          = "2017",
  pages         = "113",
  doi           = "10.1007/JHEP01(2017)113",
  eprint        = "1605.05597",
  archivePrefix = "arXiv",
}


@article{August:2018esp,
author         = "August, D. and Wellegehausen, B. H. and Wipf, A.",
title          = "{Mass spectrum of $2$-dimensional $\mathcal{N}=(2,2)$
super Yang-Mills theory on the lattice}",
year           = "2018",
eprint         = "1802.07797",
archivePrefix  = "arXiv",
primaryClass   = "hep-lat",
SLACcitation   = "%%CITATION = ARXIV:1802.07797;%%"
}

@article{Azuma:2014cfa,
  author        = "Azuma, Takehiro and Morita, Takeshi and Takeuchi, Shingo",
  title         = "{Hagedorn Instability in Dimensionally Reduced Large-$N$ Gauge Theories as Gregory--Laflamme and Rayleigh--Plateau Instabilities}",
  journal       = "Phys. Rev. Lett.",
  volume        = "113",
  year          = "2014",
  pages         = "091603",
  doi           = "10.1103/PhysRevLett.113.091603",
  eprint        = "1403.7764",
  archivePrefix = "arXiv",
}


%%%%%%%%%%%%%%%%%%%%%%%%%%%%%%%%%%%%%%%%%%%%%%%%%%%%%%

@article{Barbon:1998cr,
  author        = "Barbon, J. L. F. and Kogan, I. I. and Rabinovici, E.",
  title         = "{On stringy thresholds in SYM / AdS thermodynamics}",
  journal       = "Nucl. Phys.",
  volume        = "B544",
  year          = "1999",
  pages         = "104--144",
  doi           = "10.1016/S0550-3213(98)00868-2",
  eprint        = "hep-th/9809033",
}

@article{Berkowitz:2016tyy,
  author        = "Berkowitz, Evan and Rinaldi, Enrico and Hanada, Masanoriand Ishiki, Goro and Shimasaki, Shinji and Vranas, Pavlos",
  title         = "{Supergravity from D0-brane Quantum Mechanics}",
  year          = "2016",
  eprint        = "1606.04948",
  archivePrefix = "arXiv",
}

@article{Berkowitz:2016jlq,
  author        = "Berkowitz, Evan and Rinaldi, Enrico and Hanada, Masanori and Ishiki, Goro and Shimasaki, Shinji and Vranas, Pavlos",
  title         = "{Precision lattice test of the gauge/gravity duality at large $N$}",
  journal       = "Phys. Rev.",
  volume        = "D94",
  year          = "2016",
  pages         = "094501",
  doi           = "10.1103/PhysRevD.94.094501",
  eprint        = "1606.04951",
  archivePrefix = "arXiv",
}

@article{Berenstein:2002jq,
      author         = "Berenstein, David Eliecer and Maldacena, Juan Martin and
                        Nastase, Horatiu Stefan",
      title          = "{Strings in flat space and pp waves from N=4
                        superYang-Mills}",
      journal        = "JHEP",
      volume         = "04",
      year           = "2002",
      pages          = "013",
      doi            = "10.1088/1126-6708/2002/04/013",
      eprint         = "hep-th/0202021",
      archivePrefix  = "arXiv",
      primaryClass   = "hep-th",
      SLACcitation   = "%%CITATION = HEP-TH/0202021;%%"
}


%%%%%%%%%%%%%%%%%%%%%%%%%%%%%%%%%%%%%%%%%%%%%%%%%%%%%%

@article{Caselle:2000tn,
      author         = "Caselle, M.",
      title          = "{Lattice gauge theories and the AdS / CFT
                        correspondence}",
      journal        = "Int. J. Mod. Phys.",
      volume         = "A15",
      year           = "2000",
      pages          = "3901-3966",
      doi            = "10.1142/S0217751X00002042, 10.1016/S0217-751X(00)00204-2,
                        10.1142/S0217751X00002044",
      eprint         = "hep-th/0003119",
      archivePrefix  = "arXiv",
      primaryClass   = "hep-th",
      reportNumber   = "DFTT-8-2000",
      SLACcitation   = "%%CITATION = HEP-TH/0003119;%%"
}

@article{Catterall:2007fp,
  author        = "Catterall, Simon and Wiseman, Toby",
  title         = "{Towards lattice simulation of the gauge theory duals to black holes and hot strings}",
  journal       = "JHEP",
  volume        = "0712",
  year          = "2007",
  pages         = "104",
  doi           = "10.1088/1126-6708/2007/12/104",
  eprint        = "0706.3518",
  archivePrefix = "arXiv",
}

@article{Catterall:2007kn,
  author        = "Catterall, Simon",
  title         = "{From Twisted Supersymmetry to Orbifold Lattices}",
  journal       = "JHEP",
  volume        = "0801",
  pages         = "048",
  doi           = "10.1088/1126-6708/2008/01/048",
  year          = "2008",
  eprint        = "0712.2532",
  archivePrefix = "arXiv",
}



@article{Catterall:2008yz,
  author        = "Catterall, Simon and Wiseman, Toby",
  title         = "{Black hole thermodynamics from simulations of lattice Yang--Mills theory}",
  journal       = "Phys. Rev.",
  volume        = "D78",
  year          = "2008",
  pages         = "041502",
  doi           = "10.1103/PhysRevD.78.041502",
  eprint        = "0803.4273",
  archivePrefix = "arXiv",
}

@article{Catterall:2009it,
  author        = "Catterall, Simon and Kaplan, David B. and {\"U}nsal, Mithat",
  title         = "{Exact lattice supersymmetry}",
  journal       = "Phys. Rept.",
  volume        = "484",
  pages         = "71--130",
  doi           = "10.1016/j.physrep.2009.09.001",
  year          = "2009",
  eprint        = "0903.4881",
  archivePrefix = "arXiv",
}

@article{Catterall:2009xn,
  author        = "Catterall, Simon and Wiseman, Toby",
  title         = "{Extracting black hole physics from the lattice}",
  journal       = "JHEP",
  volume        = "1004",
  year          = "2010",
  pages         = "077",
  doi           = "10.1007/JHEP04(2010)077",
  eprint        = "0909.4947",
  archivePrefix = "arXiv",
}

@article{Catterall:2010fx,
  author        = "Catterall, Simon and Joseph, Anosh and Wiseman, Toby",
  title         = "{Thermal phases of D1-branes on a circle from lattice super Yang--Mills}",
  journal       = "JHEP",
  volume        = "1012",
  year          = "2010",
  pages         = "022",
  doi           = "10.1007/JHEP12(2010)022",
  eprint        = "1008.4964",
  archivePrefix = "arXiv",
}

@article{Catterall:2011aa,
  author        = "Catterall, Simon and Galvez, Richard and Joseph, Anosh and Mehta, Dhagash",
  title         = "{On the sign problem in 2D lattice super Yang-Mills}",
  journal       = "JHEP",
  volume        = "1201",
  pages         = "108",
  doi           = "10.1007/JHEP01(2012)108",
  year          = "2012",
  eprint        = "1112.3588",
  archivePrefix = "arXiv",
}

@article{Catterall:2014vka,
  author        = "Catterall, Simon and Schaich, David and Damgaard, Poul H. and DeGrand, Thomas and Giedt, Joel",
  title         = "{$\mathcal N = 4$ Supersymmetry on a Space-Time Lattice}",
  journal       = "Phys. Rev.",
  volume        = "D90",
  pages         = "065013",
  doi           = "10.1103/PhysRevD.90.065013",
  year          = "2014",
  eprint        = "1405.0644",
  archivePrefix = "arXiv",
}

@article{Catterall:2014mha,
  author        = "Catterall, Simon and Giedt, Joel",
  title         = "{Real space renormalization group for twisted lattice $\mathcal N = 4$ super Yang--Mills}",
  journal       = "JHEP",
  volume        = "1411",
  pages         = "050",
  doi           = "10.1007/JHEP11(2014)050",
  year          = "2014",
  eprint        = "1408.7067",
  archivePrefix = "arXiv",
}

@article{Catterall:2014vga,
  author        = "Catterall, Simon and Giedt, Joel and Schaich, David and Damgaard, Poul H. and DeGrand, Thomas",
  title         = "{Results from lattice simulations of $\mathcal N = 4$ supersymmetric Yang--Mills}",
  journal       = "PoS",
  volume        = "LATTICE2014",
  pages         = "267",
  year          = "2014",
  eprint        = "1411.0166",
  archivePrefix = "arXiv",
  url           = "http://pos.sissa.it/archive/conferences/214/267/LATTICE2014_267.pdf"
}

@article{Catterall:2015ira,
  author        = "Catterall, Simon and Schaich, David",
  title         = "{Lifting flat directions in lattice supersymmetry}",
  journal       = "JHEP",
  volume        = "1507",
  year          = "2015",
  pages         = "057",
  doi           = "10.1007/JHEP07(2015)057",
  eprint        = "1505.03135",
  archivePrefix = "arXiv",
}

@article{Catterall:2007kn,
      author         = "Catterall, Simon",
      title          = "{From Twisted Supersymmetry to Orbifold Lattices}",
      journal        = "JHEP",
      volume         = "01",
      year           = "2008",
      pages          = "048",
      doi            = "10.1088/1126-6708/2008/01/048",
      eprint         = "0712.2532",
      archivePrefix  = "arXiv",
      primaryClass   = "hep-th",
      SLACcitation   = "%%CITATION = ARXIV:0712.2532;%%"
}

@article{Clark:2006fx,
  author        = "Clark, M. A. and Kennedy, A. D.",
  title         = "{Accelerating dynamical fermion computations using the rational hybrid Monte Carlo (RHMC) algorithm with multiple pseudofermion fields}",
  journal       = "Phys. Rev. Lett.",
  volume        = "98",
  pages         = "051601",
  doi           = "10.1103/PhysRevLett.98.051601",
  year          = "2007",
  eprint        = "hep-lat/0608015",
}

@article{Cohen:2003xe,
  author        = "Cohen, Andrew G. and Kaplan, David B. and Katz, Emanuel and {\"U}nsal, Mithat",
  title         = "{Supersymmetry on a euclidean spacetime lattice 1. A target theory with four supercharges}",
  journal       = "JHEP",
  volume        = "0308",
  year          = "2003",
  pages         = "024",
  doi           = "10.1088/1126-6708/2003/08/024",
  eprint        = "hep-lat/0302017",
}

@article{Cohen:2003qw,
  author        = "Cohen, Andrew G. and Kaplan, David B. and Katz, Emanuel and {\"U}nsal, Mithat",
  title         = "{Supersymmetry on a euclidean spacetime lattice 2. Target theories with eight supercharges}",
  journal       = "JHEP",
  volume        = "0312",
  year          = "2003",
  pages         = "031",
  doi           = "10.1088/1126-6708/2003/12/031",
  eprint        = "hep-lat/0307012",
}


@article{Cohen:1983jz,
author         = "Cohen, Eyal and Gomez, Cesar",
title          = "{THE WITTEN INDEX IN SUPERSYMMETRIC GAUGE THEORIES
POSSESSING NO U(1) CHIRAL SYMMETRIES}",
journal        = "Phys. Lett.",
volume         = "135B",
year           = "1984",
pages          = "99-102",
doi            = "10.1016/0370-2693(84)90461-1",
reportNumber   = "HUTP-83-A046",
SLACcitation   = "%%CITATION = PHLTA,135B,99;%%"
}


@article{Coleman:1967ad,
      author         = "Coleman, Sidney R. and Mandula, J.",
      title          = "{All Possible Symmetries of the S Matrix}",
      booktitle      = "{Hadrons and their Interactions: Current and Field
                        Algebra, Soft Pions, Supermultiplets, and Related Topics}",
      journal        = "Phys. Rev.",
      volume         = "159",
      year           = "1967",
      pages          = "1251-1256",
      doi            = "10.1103/PhysRev.159.1251",
      SLACcitation   = "%%CITATION = PHRVA,159,1251;%%"
}


%%%%%%%%%%%%%%%%%%%%%%%%%%%%%%%%%%%%%%%%%%%%%%%%%%%%%%

@article{Damgaard:2008pa,
  author        = "Damgaard, Poul H. and Matsuura, So",
  title         = "{Geometry of Orbifolded Supersymmetric Lattice Gauge Theories}",
  journal       = "Phys. Lett.",
  volume        = "B661",
  pages         = "52--56",
  doi           = "10.1016/j.physletb.2008.01.044",
  year          = "2008",
  eprint        = "0801.2936",
  archivePrefix = "arXiv",
}

@article{Dias:2017uyv,
  author        = "Dias, {\'O}scar J. C. and Santos, Jorge E. and Way, Benson",
  title         = "{Localised and nonuniform thermal states of super-Yang--Mills on a circle}",
  journal       = "JHEP",
  volume        = "1706",
  year          = "2017",
  pages         = "029",
  doi           = "10.1007/JHEP06(2017)029",
  eprint        = "1702.07718",
  archivePrefix = "arXiv",
}


%%%%%%%%%%%%%%%%%%%%%%%%%%%%%%%%%%%%%%%%%%%%%%%%%%%%%%


@article{Eguchi:1982nm,
      author         = "Eguchi, Tohru and Kawai, Hikaru",
      title          = "{Reduction of Dynamical Degrees of Freedom in the Large N
                        Gauge Theory}",
      journal        = "Phys. Rev. Lett.",
      volume         = "48",
      year           = "1982",
      pages          = "1063",
      doi            = "10.1103/PhysRevLett.48.1063",
      reportNumber   = "UT-378-TOKYO",
      SLACcitation   = "%%CITATION = PRLTA,48,1063;%%"
}


%%%%%%%%%%%%%%%%%%%%%%%%%%%%%%%%%%%%%%%%%%%%%%%%%%%%%%

@article{Filev:2015hia,
  author        = "Filev, Veselin G. and O'Connor, Denjoe",
  title         = "{The BFSS model on the lattice}",
  journal       = "JHEP",
  volume        = "1605",
  year          = "2016",
  pages         = "167",
  doi           = "10.1007/JHEP05(2016)167",
  eprint        = "1506.01366",
  archivePrefix = "arXiv",
}

@article{Filev:2015cmz,
  author        = "Filev, Veselin G. and O'Connor, Denjoe",
  title         = "{A Computer Test of Holographic Flavour Dynamics}",
  journal       = "JHEP",
  volume        = "1605",
  year          = "2016",
  pages         = "122",
  doi           = "10.1007/JHEP05(2016)122",
  eprint        = "1512.02536",
  archivePrefix = "arXiv",
}

@article{Francis:2015lha,
  author        = "Francis, A. and Kaczmarek, O. and Laine, M. and Neuhaus, T. and Ohno, H.",
  title         = "{Critical point and scale setting in SU(3) plasma: An update}",
  journal       = "Phys. Rev.",
  volume        = "D91",
  year          = "2015",
  pages         = "096002",
  doi           = "10.1103/PhysRevD.91.096002",
  eprint        = "1503.05652",
}

%%%%%%%%%%%%%%%%%%%%%%%%%%%%%%%%%%%%%%%%%%%%%%%%%%%%%%

@article{Galvez:2012sv,
  author        = "Galvez, Richard and Catterall, Simon and Joseph, Anosh and Mehta, Dhagash",
  title         = "{Investigating the sign problem for two-dimensional $\mathcal{N}=(2,2)$ and $\mathcal{N}=(8,8)$ lattice super Yang--Mills theories}",
  journal       = "PoS",
  volume        = "Lattice 2011",
  pages         = "064",
  year          = "2011",
  eprint        = "1201.1924",
  archivePrefix = "arXiv",
  url           = "http://pos.sissa.it/archive/conferences/139/064/Lattice 2011_064.pdf"
}

@article{Gregory:1993vy,
  author        = "Gregory, R. and Laflamme, R.",
  title         = "{Black strings and $p$-branes are unstable}",
  journal       = "Phys. Rev. Lett.",
  volume        = "70",
  year          = "1993",
  pages         = "2837--2840",
  doi           = "10.1103/PhysRevLett.70.2837",
  eprint        = "hep-th/9301052",
}

@article{Gross:1980he,
  author        = "Gross, D. J. and Witten, Edward",
  title         = "{Possible third-order phase transition in the large-$N$ lattice gauge theory}",
  journal       = "Phys. Rev.",
  volume        = "D21",
  year          = "1980",
  pages         = "446--453",
  doi           = "10.1103/PhysRevD.21.446",
}


%%%%%%%%%%%%%%%%%%%%%%%%%%%%%%%%%%%%%%%%%%%%%%%%%%%%%%

@article{Haag:1974qh,
      author         = "Haag, Rudolf and Lopuszanski, Jan T. and Sohnius, Martin",
      title          = "{All Possible Generators of Supersymmetries of the s
                        Matrix}",
      journal        = "Nucl. Phys.",
      volume         = "B88",
      year           = "1975",
      pages          = "257",
      doi            = "10.1016/0550-3213(75)90279-5",
      note           = "[,257(1974)]",
      reportNumber   = "Print-74-1630 (KARLSRUHE)",
      SLACcitation   = "%%CITATION = NUPHA,B88,257;%%"
}

@article{Hanada:2007ti,
  author        = "Hanada, Masanori and Nishimura, Jun and Takeuchi, Shingo",
  title         = "{Non-lattice simulation for supersymmetric gauge theories in one dimension}",
  journal       = "Phys. Rev. Lett.",
  volume        = "99",
  year          = "2007",
  pages         = "161602",
  doi           = "10.1103/PhysRevLett.99.161602",
  eprint        = "0706.1647",
  archivePrefix = "arXiv",
}

@article{Hanada:2008gy,
  author        = "Hanada, Masanori and Miwa, Akitsugu and Nishimura, Jun and Takeuchi, Shingo",
  title         = "{Schwarzschild radius from Monte Carlo calculation of the Wilson loop in supersymmetric matrix quantum mechanics}",
  journal       = "Phys. Rev. Lett.",
  volume        = "102",
  year          = "2009",
  pages         = "181602",
  doi           = "10.1103/PhysRevLett.102.181602",
  eprint        = "0811.2081",
  archivePrefix = "arXiv",
}

@article{Hanada:2008ez,
  author        = "Hanada, Masanori and Hyakutake, Yoshifumi and Nishimura, Jun and Takeuchi, Shingo",
  title         = "{Higher Derivative Corrections to Black Hole Thermodynamics from Supersymmetric Matrix Quantum Mechanics}",
  journal       = "Phys. Rev. Lett.",
  volume        = "102",
  year          = "2009",
  pages         = "191602",
  doi           = "10.1103/PhysRevLett.102.191602",
  eprint        = "0811.3102",
  archivePrefix = "arXiv",
}

@article{Hanada:2010qg,
  author        = "Hanada, Masanori and Kanamori, Issaku",
  title         = "{Absence of sign problem in two-dimensional $\mathcal N = (2, 2)$ super Yang-Mills on lattice}",
  journal       = "JHEP",
  volume        = "1101",
  pages         = "058",
  doi           = "10.1007/JHEP01(2011)058",
  year          = "2011",
  eprint        = "1010.2948",
  archivePrefix = "arXiv",
}

@article{Hanada:2016zxj,
  author        = "Hanada, Masanori and Hyakutake, Yoshifumi and Ishiki, Goro and Nishimura, Jun",
  title         = "{Numerical tests of the gauge/gravity duality conjecture for D0-branes at finite temperature and finite $N$}",
  journal       = "Phys. Rev.",
  volume        = "D94",
  year          = "2016",
  pages         = "086010",
  doi           = "10.1103/PhysRevD.94.086010",
  eprint        = "1603.00538",
  archivePrefix = "arXiv",
}

@article{Hanada:2016jok,
  author        = "Hanada, Masanori",
  title         = "{What lattice theorists can do for superstring/M-theory}",
  journal       = "Int. J. Mod. Phys.",
  volume        = "A31",
  year          = "2016",
  pages         = "1643006",
  doi           = "10.1142/S0217751X16430065",
  eprint        = "1604.05421",
  archivePrefix = "arXiv",
}

@article{Harmark:2004ws,
  author        = "Harmark, Troels and Obers, Niels A.",
  title         = "{New phases of near-extremal branes on a circle}",
  journal       = "JHEP",
  volume        = "0409",
  year          = "2004",
  pages         = "022",
  doi           = "10.1088/1126-6708/2004/09/022",
  eprint        = "hep-th/0407094",
}

@article{Horowitz:2011cq,
  author        = "Horowitz, Gary T. and Wiseman, Toby",
  title         = "{General black holes in Kaluza--Klein theory}",
  year          = "2011",
  eprint        = "1107.5563",
  archivePrefix = "arXiv",
}

@article{Hotta:1998en,
  author        = "Hotta, Tomohiro and Nishimura, Jun and Tsuchiya, Asato",
  title         = "{Dynamical aspects of large-$N$ reduced models}",
  journal       = "Nucl. Phys.",
  volume        = "B545",
  year          = "1999",
  pages         = "543-575",
  doi           = "10.1016/S0550-3213(99)00056-5",
  eprint        = "hep-th/9811220",
}


%%%%%%%%%%%%%%%%%%%%%%%%%%%%%%%%%%%%%%%%%%%%%%%%%%%%%%


@article{Ishiki:2009sg,
author         = "Ishiki, Goro and Kim, Sang-Woo and Nishimura, Jun and
Tsuchiya, Asato",
title          = "{Testing a novel large-N reduction for N=4 super
Yang-Mills theory on R x S**3}",
journal        = "JHEP",
volume         = "09",
year           = "2009",
pages          = "029",
doi            = "10.1088/1126-6708/2009/09/029",
eprint         = "0907.1488",
archivePrefix  = "arXiv",
primaryClass   = "hep-th",
reportNumber   = "OU-HET-623, KEK-TH-1317",
SLACcitation   = "%%CITATION = ARXIV:0907.1488;%%"
}


@article{Itzhaki:1998dd,
  author        = "Itzhaki, Nissan and Maldacena, Juan Martin and Sonnenschein, Jacob and Yankielowicz, Shimon",
  title         = "{Supergravity and the large-$N$ limit of theories with sixteen supercharges}",
  journal       = "Phys. Rev.",
  volume        = "D58",
  year          = "1998",
  pages         = "046004",
  doi           = "10.1103/PhysRevD.58.046004",
  eprint        = "hep-th/9802042",
}


@article{Ishibashi:1996xs,
      author         = "Ishibashi, N. and Kawai, H. and Kitazawa, Y. and
                        Tsuchiya, A.",
      title          = "{A Large N reduced model as superstring}",
      journal        = "Nucl. Phys.",
      volume         = "B498",
      year           = "1997",
      pages          = "467-491",
      doi            = "10.1016/S0550-3213(97)00290-3",
      eprint         = "hep-th/9612115",
      archivePrefix  = "arXiv",
      primaryClass   = "hep-th",
      reportNumber   = "KEK-TH-503",
      SLACcitation   = "%%CITATION = HEP-TH/9612115;%%"
}


%%%%%%%%%%%%%%%%%%%%%%%%%%%%%%%%%%%%%%%%%%%%%%%%%%%%%%

@article{Kabat:1999hp,
  author        = "Kabat, Daniel N. and Lifschytz, Gilad",
  title         = "{Approximations for strongly coupled supersymmetric quantum mechanics}",
  journal       = "Nucl. Phys.",
  volume        = "B571",
  year          = "2000",
  pages         = "419--456",
  doi           = "10.1016/S0550-3213(99)00818-4",
  eprint        = "hep-th/9910001",
}

@article{Kabat:2000zv,
  author        = "Kabat, Daniel N. and Lifschytz, Gilad and Lowe, David A.",
  title         = "{Black Hole Thermodynamics from Calculations in Strongly Coupled Gauge Theory}",
  journal       = "Phys. Rev. Lett.",
  volume        = "86",
  year          = "2001",
  pages         = "1426--1429",
  doi           = "10.1103/PhysRevLett.86.1426",
  eprint        = "hep-th/0007051",
}

@article{Kabat:2001ve,
  author        = "Kabat, Daniel N. and Lifschytz, Gilad and Lowe, David A.",
  title         = "{Black hole entropy from nonperturbative gauge theory}",
  journal       = "Phys. Rev.",
  volume        = "D64",
  year          = "2001",
  pages         = "124015",
  doi           = "10.1103/PhysRevD.64.124015",
  eprint        = "hep-th/0105171",
}

@article{Kadoh:2015mka,
  author        = "Kadoh, Daisuke and Kamata, Syo",
  title         = "{Gauge/gravity duality and lattice simulations of one-dimensional SYM with sixteen supercharges}",
  year          = "2015",
  eprint        = "1503.08499",
  archivePrefix = "arXiv",
}

@article{Kadoh:2016eju,
  author        = "Kadoh, Daisuke",
  title         = "{Recent progress in lattice supersymmetry: from lattice gauge theory to black holes}",
  journal       = "PoS",
  volume        = "LATTICE 2015",
  year          = "2016",
  pages         = "017",
  eprint        = "1607.01170",
  archivePrefix = "arXiv",
  url           = "https://pos.sissa.it/archive/conferences/251/017/LATTICE 2015_017.pdf"
}

@article{Kadoh:2017mcj,
  author        = "Kadoh, Daisuke",
  title         = "{Precision test of the gauge/gravity duality in two-dimensional $\mathcal N = (8, 8)$ SYM}",
  journal       = "PoS",
  volume        = "LATTICE2016",
  year          = "2017",
  pages         = "033",
  eprint        = "1702.01615",
  archivePrefix = "arXiv",
  url           = "https://pos.sissa.it/archive/conferences/256/033/LATTICE2016_033.pdf"
}

@article{Kaplan:2005ta,
  author        = "Kaplan, David B. and Unsal, Mithat",
  title         = "{A Euclidean lattice construction of supersymmetric Yang--Mills theories with sixteen supercharges}",
  journal       = "JHEP",
  volume        = "0509",
  pages         = "042",
  doi           = "10.1088/1126-6708/2005/09/042",
  year          = "2005",
  eprint        = "hep-lat/0503039",
}

@article{Kawahara:2007fn,
  author        = "Kawahara, Naoyuki and Nishimura, Jun and Takeuchi, Shingo",
  title         = "{Phase structure of matrix quantum mechanics at finite temperature}",
  journal       = "JHEP",
  volume        = "0710",
  year          = "2007",
  pages         = "097",
  doi           = "10.1088/1126-6708/2007/10/097",
  eprint        = "0706.3517",
  archivePrefix = "arXiv",
}

@article{Kawahara:2007ib,
  author        = "Kawahara, Naoyuki and Nishimura, Jun and Takeuchi, Shingo",
  title         = "{High-temperature expansion in supersymmetric matrix quantum mechanics}",
  journal       = "JHEP",
  volume        = "0712",
  year          = "2007",
  pages         = "103",
  doi           = "10.1088/1126-6708/2007/12/103",
  eprint        = "0710.2188",
  archivePrefix = "arXiv",
}

@article{Kol:2002xz,
  author        = "Kol, Barak",
  title         = "{Topology change in general relativity, and the black-hole black-string transition}",
  journal       = "JHEP",
  volume        = "0510",
  year          = "2005",
  pages         = "049",
  doi           = "10.1088/1126-6708/2005/10/049",
  eprint        = "hep-th/0206220",
}


%%%%%%%%%%%%%%%%%%%%%%%%%%%%%%%%%%%%%%%%%%%%%%%%%%%%%%

@article{Li:1998jy,
  author        = "Li, Miao and Martinec, Emil J. and Sahakian, Vatche",
  title         = "{Black holes and the SYM phase diagram}",
  journal       = "Phys. Rev.",
  volume        = "D59",
  year          = "1999",
  pages         = "044035",
  doi           = "10.1103/PhysRevD.59.044035",
  eprint        = "hep-th/9809061",
}

@article{Lin:2013jra,
  author        = "Lin, Ying-Hsuan and Shao, Shu-Heng and Wang, Yifan and Yin, Xi",
  title         = "{A low temperature expansion for matrix quantum mechanics}",
  journal       = "JHEP",
  volume        = "1505",
  year          = "2015",
  pages         = "136",
  doi           = "10.1007/JHEP05(2015)136",
  eprint        = "1304.1593",
  archivePrefix = "arXiv",
}


%%%%%%%%%%%%%%%%%%%%%%%%%%%%%%%%%%%%%%%%%%%%%%%%%%%%%%


%C.W. Misner. K. Thome and J.A. Wheeler, Gravitation (Freeman and Co.) 


@book{MTW,
  author        = "Misner, C. W., K. S. Thorne, and J. A. Wheeler",
  title         = "{Gravitation}",
  year          = "1973",
  publisher     = "W. H. Freeman and company"
}

@book{SCA,
  author        = "Sidney Coleman",
  title         = "{Aspects of Symmetry}",
  year          = "1985",
  publisher     = "Cambridge University Press"
}

@book{ZEA,
author        = "Jan Zaanen, Yan Liu, Ya-Wen Sun, and Koenraad Schalm",
title         = "{Holographic duality in condensed matter physics}",
year          = "2015",
publisher     = "Cambridge University Press"
}


@article{Makeenko:1979pb,
      author         = "Makeenko, {\relax Yu}. M. and Migdal, Alexander A.",
      title          = "{Exact Equation for the Loop Average in Multicolor QCD}",
      journal        = "Phys. Lett.",
      volume         = "88B",
      year           = "1979",
      pages          = "135",
      doi            = "10.1016/0370-2693(79)90131-X",
      note           = "[Erratum: Phys. Lett.89B,437(1980)]",
      reportNumber   = "ITEP-86-1979",
      SLACcitation   = "%%CITATION = PHLTA,88B,135;%%"
}


@article{Makeenko:1980vm,
      author         = "Makeenko, {\relax Yu}. and Migdal, Alexander A.",
      title          = "{Quantum Chromodynamics as Dynamics of Loops}",
      journal        = "Nucl. Phys.",
      volume         = "B188",
      year           = "1981",
      pages          = "269",
      doi            = "10.1016/0550-3213(81)90258-3",
      note           = "[Yad. Fiz.32,838(1980)]",
      reportNumber   = "ITEP-23-1980",
      SLACcitation   = "%%CITATION = NUPHA,B188,269;%%"
}


@article{Maldacena:1997re,
  author        = "Maldacena, Juan Martin",
  title         = "{The Large-$N$ limit of superconformal field theories and supergravity}",
  journal       = "Int. J. Theor. Phys.",
  volume        = "38",
  year          = "1999",
  pages         = "1113--1133",
  doi           = "10.1023/A:1026654312961",
  eprint        = "hep-th/9711200",
}

@article{Maldacena:1998im,
  author        = "Maldacena, Juan Martin",
  title         = "{Wilson loops in large-$N$ field theories}",
  journal       = "Phys. Rev. Lett.",
  volume        = "80",
  year          = "1998",
  pages         = "4859--4862",
  doi           = "10.1103/PhysRevLett.80.4859",
  eprint        = "hep-th/9803002",
}

@article{Mandal:2009vz,
  author        = "Mandal, Gautam and Mahato, Manavendra and Morita, Takeshi",
  title         = "{Phases of one-dimensional large-$N$ gauge theory in a $1 / D$ expansion}",
  journal       = "JHEP",
  volume        = "1002",
  year          = "2010",
  pages         = "034",
  doi           = "10.1007/JHEP02(2010)034",
  eprint        = "0910.4526",
  archivePrefix = "arXiv",
}

@article{Mandal:2011hb,
  author        = "Mandal, Gautam and Morita, Takeshi",
  title         = "{Phases of a two-dimensional large-$N$ gauge theory on a torus}",
  journal       = "Phys. Rev.",
  volume        = "D84",
  year          = "2011",
  pages         = "085007",
  doi           = "10.1103/PhysRevD.84.085007",
  eprint        = "1103.1558",
  archivePrefix = "arXiv",
}

@article{Martinec:1998ja,
  author        = "Martinec, Emil J. and Sahakian, Vatche",
  title         = "{Black holes and the SYM phase diagram II}",
  journal       = "Phys. Rev.",
  volume        = "D59",
  year          = "1999",
  pages         = "124005",
  doi           = "10.1103/PhysRevD.59.124005",
  eprint        = "hep-th/9810224",
}

@article{Mehta:2011ud,
  author        = "Mehta, Dhagash and Catterall, Simon and Galvez, Richard and Joseph, Anosh",
  title         = "{Supersymmetric gauge theories on the lattice: Pfaffian phases and the Neuberger 0/0 problem}",
  journal       = "PoS",
  volume        = "Lattice 2011",
  pages         = "078",
  year          = "2011",
  eprint        = "1112.5413",
  archivePrefix = "arXiv",
  url           = "http://pos.sissa.it/archive/conferences/139/078/Lattice 2011_078.pdf"
}

@article{Morita:2014ypa,
  author        = "Morita, Takeshi and Shiba, Shotaro and Wiseman, Toby and Withers, Benjamin",
  title         = "{Moduli dynamics as a predictive tool for thermal maximally supersymmetric Yang--Mills at large $N$}",
  journal       = "JHEP",
  volume        = "1507",
  year          = "2015",
  pages         = "047",
  doi           = "10.1007/JHEP07(2015)047",
  eprint        = "1412.3939",
  archivePrefix = "arXiv",
}

@article{Montvay:2001aj,
      author         = "Montvay, I.",
      title          = "{Supersymmetric Yang-Mills theory on the lattice}",
      journal        = "Int. J. Mod. Phys.",
      volume         = "A17",
      year           = "2002",
      pages          = "2377-2412",
      doi            = "10.1142/S0217751X0201090X",
      eprint         = "hep-lat/0112007",
      archivePrefix  = "arXiv",
      primaryClass   = "hep-lat",
      reportNumber   = "DESY-01-214",
      SLACcitation   = "%%CITATION = HEP-LAT/0112007;%%"
}


%%%%%%%%%%%%%%%%%%%%%%%%%%%%%%%%%%%%%%%%%%%%%%%%%%%%%%


@article{Sakai:1983dg,
      author         = "Sakai, N. and Sakamoto, Makoto",
      title          = "{Lattice Supersymmetry and the Nicolai Mapping}",
      journal        = "Nucl. Phys.",
      volume         = "B229",
      year           = "1983",
      pages          = "173-188",
      doi            = "10.1016/0550-3213(83)90359-0",
      reportNumber   = "HUTP-83-A013",
      SLACcitation   = "%%CITATION = NUPHA,B229,173;%%"
}


@article{Schaich:2014pda,
  author        = "Schaich, David and DeGrand, Thomas",
  title         = "{Parallel software for lattice $\mathcal N = 4$ supersymmetric Yang--Mills theory}",
  journal       = "Comput. Phys. Commun.",
  volume        = "190",
  pages         = "200--212",
  doi           = "10.1016/j.cpc.2014.12.025",
  year          = "2015",
  eprint        = "1410.6971",
  archivePrefix = "arXiv",
}
}

@article{Schaich:2016jus,
  author        = "Schaich, David and Catterall, Simon and Damgaard, Poul H. and Giedt, Joel",
  title         = "{Latest results from lattice $\mathcal N = 4$ supersymmetric Yang--Mills}",
  journal       = "PoS",
  volume        = "LATTICE2016",
  year          = "2016",
  pages         = "221",
  eprint        = "1611.06561",
  archivePrefix = "arXiv",
  url           = "http://pos.sissa.it/archive/conferences/256/221/LATTICE2016_221.pdf"
}

@book{Serre,
  author        = "Serre, J.-P.",
  title         = "{A Course in Arithmetic}",
  volume        = "7",
  year          = "1973",
  publisher     = "Graduate Texts in Mathematics, Springer-Verlag"
}

@article{Seiberg:1997ax,
author         = "Seiberg, Nathan",
title          = "{Notes on theories with 16 supercharges}",
booktitle      = "{String theory, gauge theory and quantum gravity.
Proceedings, Conference on Duality Symmetries in String
Theory, Trieste, Italy, April 1-4, 1997, Spring School on
String Theory, Gauge Theory and Quantum Gravity, Trieste,
Italy, April 7-12, 1997}",
journal        = "Nucl. Phys. Proc. Suppl.",
volume         = "67",
year           = "1998",
pages          = "158-171",
doi            = "10.1016/S0920-5632(98)00128-5",
note           = "[,158(1997)]",
eprint         = "hep-th/9705117",
archivePrefix  = "arXiv",
primaryClass   = "hep-th",
reportNumber   = "RU-97-7",
SLACcitation   = "%%CITATION = HEP-TH/9705117;%%"
}

@article{Smilga:2008bt,
  author        = "Smilga, A. V.",
  title         = "{Comments on thermodynamics of supersymmetric matrix models}",
  journal       = "Nucl. Phys.",
  volume        = "B818",
  year          = "2009",
  pages         = "101--114",
  doi           = "10.1016/j.nuclphysb.2009.03.023",
  eprint        = "0812.4753",
  archivePrefix = "arXiv",
}

@article{Susskind:1997dr,
  author        = "Susskind, Leonard",
  title         = "{Matrix theory black holes and the Gross--Witten transition}",
  year          = "1997",
  eprint        = "hep-th/9805115",
}



@article{Suzuki:2005dx,
author         = "Suzuki, Hiroshi and Taniguchi, Yusuke",
title          = "{Two-dimensional N = (2,2) super Yang-Mills theory on the
lattice via dimensional reduction}",
journal        = "JHEP",
volume         = "10",
year           = "2005",
pages          = "082",
doi            = "10.1088/1126-6708/2005/10/082",
eprint         = "hep-lat/0507019",
archivePrefix  = "arXiv",
primaryClass   = "hep-lat",
reportNumber   = "IU-MSTP-70, RIKEN-TH-48, ITHEP-507, UTCCS-P-14",
SLACcitation   = "%%CITATION = HEP-LAT/0507019;%%"
}


%%%%%%%%%%%%%%%%%%%%%%%%%%%%%%%%%%%%%%%%%%%%%%%%%%%%%%

@article{Wadia:1980cp,
  author        = "Wadia, Spenta R.",
  title         = "{$N = \infty$ phase transition in a class of exactly soluble model lattice gauge theories}",
  journal       = "Phys. Lett.",
  volume        = "B93",
  year          = "1980",
  pages         = "403--410",
  doi           = "10.1016/0370-2693(80)90353-6",
}

@article{Wiseman:2013cda,
  author        = "Wiseman, Toby",
  title         = "{On black hole thermodynamics from super Yang--Mills}",
  journal       = "JHEP",
  volume        = "1307",
  year          = "2013",
  pages         = "101",
  doi           = "10.1007/JHEP07(2013)101",
  eprint        = "1304.3938",
  archivePrefix = "arXiv",
}

@article{Witten:1998zw,
  author        = "Witten, Edward",
  title         = "{Anti-de Sitter space, thermal phase transition, and confinement in gauge theories}",
  journal       = "Adv. Theor. Math. Phys.",
  volume        = "2",
  year          = "1998",
  pages         = "505--532",
  eprint        = "hep-th/9803131",
}


%%%%%%%%%%%%%%%%%%%%%%%%%%%%%%%%%%%%%%%%%%%%%%%%%%%%%%


@article{Zamolodchikov:1986gt,
author         = "Zamolodchikov, A. B.",
title          = "{Irreversibility of the Flux of the Renormalization Group
in a 2D Field Theory}",
journal        = "JETP Lett.",
volume         = "43",
year           = "1986",
pages          = "730-732",
note           = "[Pisma Zh. Eksp. Teor. Fiz.43,565(1986)]",
SLACcitation   = "%%CITATION = JTPLA,43,730;%%"
}




@article{Zumino:1983rz,
      author         = "Zumino, Bruno and Wu, Yong-Shi and Zee, A.",
      title          = "{Chiral Anomalies, Higher Dimensions, and Differential
                        Geometry}",
      journal        = "Nucl. Phys.",
      volume         = "B239",
      year           = "1984",
      pages          = "477-507",
      doi            = "10.1016/0550-3213(84)90259-1",
      reportNumber   = "LBL-16443, DOE-ER-40048-18-P3",
      SLACcitation   = "%%CITATION = NUPHA,B239,477;%%"
}










%%%%%%%%%%%% ARRANGE IN ORDER LATER ON %%%%%%%%%%%%%%%%%%%
%%%%%%%%%  PAPER 2 REFERENCES %%%%%%%%%%%%%%%




@article{Unsal:2006qp,
      author         = "Unsal, Mithat",
      title          = "{Twisted supersymmetric gauge theories and orbifold
                        lattices}",
      journal        = "JHEP",
      volume         = "10",
      year           = "2006",
      pages          = "089",
      doi            = "10.1088/1126-6708/2006/10/089",
      eprint         = "hep-th/0603046",
      archivePrefix  = "arXiv",
      primaryClass   = "hep-th",
      reportNumber   = "BUHEP-06-04",
      SLACcitation   = "%%CITATION = HEP-TH/0603046;%%"
}

@article{Grisaru:1979wc,
      author         = "Grisaru, Marcus T. and Siegel, W. and Rocek, M.",
      title          = "{Improved Methods for Supergraphs}",
      journal        = "Nucl. Phys.",
      volume         = "B159",
      year           = "1979",
      pages          = "429",
      doi            = "10.1016/0550-3213(79)90344-4",
      reportNumber   = "PRINT-79-0485 (BRANDEIS)",
      SLACcitation   = "%%CITATION = NUPHA,B159,429;%%"
}



@article{Witten:1988ze,
author         = "Witten, Edward",
title          = "{Topological Quantum Field Theory}",
journal        = "Commun. Math. Phys.",
volume         = "117",
year           = "1988",
pages          = "353",
doi            = "10.1007/BF01223371",
reportNumber   = "IASSNS-HEP-87-72",
SLACcitation   = "%%CITATION = CMPHA,117,353;%%"
}



@article{Elitzur:1982vh,
author         = "Elitzur, S. and Rabinovici, E. and Schwimmer, A.",
title          = "{Supersymmetric Models on the Lattice}",
booktitle      = "{Annecy Meeting on Supersymmetry and Supergravity at LAPP
Annecy-le-Vieux, France, January 10-12, 1983}",
journal        = "Phys. Lett.",
volume         = "119B",
year           = "1982",
pages          = "165",
doi            = "10.1016/0370-2693(82)90269-6",
reportNumber   = "CERN-TH-3389",
SLACcitation   = "%%CITATION = PHLTA,119B,165;%%"
}


@article{Banks:1982ut,
author         = "Banks, Tom and Windey, Paul",
title          = "{SUPERSYMMETRIC LATTICE THEORIES}",
journal        = "Nucl. Phys.",
volume         = "B198",
year           = "1982",
pages          = "226-236",
doi            = "10.1016/0550-3213(82)90554-5",
SLACcitation   = "%%CITATION = NUPHA,B198,226;%%"
}


@article{Sakai:1983dg,
author         = "Sakai, N. and Sakamoto, Makoto",
title          = "{Lattice Supersymmetry and the Nicolai Mapping}",
journal        = "Nucl. Phys.",
volume         = "B229",
year           = "1983",
pages          = "173-188",
doi            = "10.1016/0550-3213(83)90359-0",
reportNumber   = "HUTP-83-A013",
SLACcitation   = "%%CITATION = NUPHA,B229,173;%%"
}

@article{Kostelecky:1983qu,
author         = "Kostelecky, V. Alan and Rabin, Jeffrey M.",
title          = "{SUPERSYMMETRY ON A SUPERLATTICE}",
journal        = "J. Math. Phys.",
volume         = "25",
year           = "1984",
pages          = "2744",
doi            = "10.1063/1.526482",
reportNumber   = "LA-UR-83-1373",
SLACcitation   = "%%CITATION = JMAPA,25,2744;%%"
}

@article{Scott:1983ha,
author         = "Scott, D. M.",
title          = "{Lattices, Supersymmetry, and Kahler Fermions}",
journal        = "J. Phys.",
volume         = "A17",
year           = "1984",
pages          = "1123",
doi            = "10.1088/0305-4470/17/5/032",
reportNumber   = "EDINBURGH-83/255",
SLACcitation   = "%%CITATION = JPAGA,A17,1123;%%"
}

@article{Aratyn:1984bc,
author         = "Aratyn, H. and Zimerman, A. H.",
title          = "{Lattice Supersymmetry for $N=4$ {Yang-Mills} Model}",
journal        = "J. Phys.",
volume         = "A18",
year           = "1985",
pages          = "L487",
doi            = "10.1088/0305-4470/18/8/015",
reportNumber   = "IFT-P 05/84-SAO PAULO",
SLACcitation   = "%%CITATION = JPAGA,A18,L487;%%"
}

@article{Catterall:2009it,
author        = "Catterall, Simon and Kaplan, David B. and {\"U}nsal, Mithat",
title         = "{Exact lattice supersymmetry}",
journal       = "Phys. Rept.",
volume        = "484",
pages         = "71--130",
doi           = "10.1016/j.physrep.2009.09.001",
year          = "2009",
eprint        = "0903.4881",
archivePrefix = "arXiv",
}

@article{Sugino:2003yb,
      author         = "Sugino, Fumihiko",
      title          = "{A Lattice formulation of superYang-Mills theories with
                        exact supersymmetry}",
      journal        = "JHEP",
      volume         = "01",
      year           = "2004",
      pages          = "015",
      doi            = "10.1088/1126-6708/2004/01/015",
      eprint         = "hep-lat/0311021",
      archivePrefix  = "arXiv",
      primaryClass   = "hep-lat",
      reportNumber   = "SNUST-031101",
      SLACcitation   = "%%CITATION = HEP-LAT/0311021;%%"
}

@article{Sugino:2004qd,
      author         = "Sugino, Fumihiko",
      title          = "{SuperYang-Mills theories on the two-dimensional lattice
                        with exact supersymmetry}",
      journal        = "JHEP",
      volume         = "03",
      year           = "2004",
      pages          = "067",
      doi            = "10.1088/1126-6708/2004/03/067",
      eprint         = "hep-lat/0401017",
      archivePrefix  = "arXiv",
      primaryClass   = "hep-lat",


      reportNumber   = "SNUST-040101",
      SLACcitation   = "%%CITATION = HEP-LAT/0401017;%%"
}

@article{DAdda:2005rcd,
      author         = "D'Adda, Alessandro and Kanamori, Issaku and Kawamoto,
                        Noboru and Nagata, Kazuhiro",
      title          = "{Exact extended supersymmetry on a lattice: Twisted N=2
                        super Yang-Mills in two dimensions}",
      journal        = "Phys. Lett.",
      volume         = "B633",
      year           = "2006",
      pages          = "645-652",
      doi            = "10.1016/j.physletb.2005.12.034",
      eprint         = "hep-lat/0507029",
      archivePrefix  = "arXiv",
      primaryClass   = "hep-lat",
      reportNumber   = "DFTT-21-2005",
      SLACcitation   = "%%CITATION = HEP-LAT/0507029;%%"
}

@article{Catterall:2003wd,
      author         = "Catterall, Simon",
      title          = "{Lattice supersymmetry and topological field theory}",
      journal        = "JHEP",
      volume         = "05",
      year           = "2003",
      pages          = "038",
      doi            = "10.1088/1126-6708/2003/05/038",
      eprint         = "hep-lat/0301028",
      archivePrefix  = "arXiv",
      primaryClass   = "hep-lat",
      reportNumber   = "SU-4252-774",
      SLACcitation   = "%%CITATION = HEP-LAT/0301028;%%"
}

@article{Catterall:2014vka,
      author         = "Catterall, Simon and Schaich, David and Damgaard, Poul H.
                        and DeGrand, Thomas and Giedt, Joel",
      title          = "{N=4 Supersymmetry on a Space-Time Lattice}",
      journal        = "Phys. Rev.",
      volume         = "D90",
      year           = "2014",
      number         = "6",
      pages          = "065013",
      doi            = "10.1103/PhysRevD.90.065013",
      eprint         = "1405.0644",
      archivePrefix  = "arXiv",
      primaryClass   = "hep-lat",
      SLACcitation   = "%%CITATION = ARXIV:1405.0644;%%"
}

@article{Catterall:2005fd,
      author         = "Catterall, Simon",
      title          = "{Lattice formulation of N=4 super Yang-Mills theory}",
      journal        = "JHEP",
      volume         = "06",
      year           = "2005",
      pages          = "027",
      doi            = "10.1088/1126-6708/2005/06/027",
      eprint         = "hep-lat/0503036",
      archivePrefix  = "arXiv",
      primaryClass   = "hep-lat",
      reportNumber   = "SU-4252-808",
      SLACcitation   = "%%CITATION = HEP-LAT/0503036;%%"
}

@article{Witten:1993yc,
      author         = "Witten, Edward",
      title          = "{Phases of N=2 theories in two-dimensions}",
      journal        = "Nucl. Phys.",
      volume         = "B403",
      year           = "1993",
      pages          = "159-222",
      doi            = "10.1016/0550-3213(93)90033-L",
      note           = "[AMS/IP Stud. Adv. Math.1,143(1996)]",
      eprint         = "hep-th/9301042",
      archivePrefix  = "arXiv",
      primaryClass   = "hep-th",
      reportNumber   = "IASSNS-HEP-93-3",
      SLACcitation   = "%%CITATION = HEP-TH/9301042;%%"
}

@article{Catterall:2017lub,
author         = "Catterall, Simon and Jha, Raghav G. and Schaich, David
and Wiseman, Toby",
title          = "{Testing holography using lattice super-Yang--Mills on a
2-torus}",
journal        = "Phys. Rev.",
volume         = "D97",
year           = "2018",
pages          = "086020",
doi            = "10.1103/PhysRevD.97.086020",
eprint         = "1709.07025",
archivePrefix  = "arXiv",
primaryClass   = "hep-th",
SLACcitation   = "%%CITATION = ARXIV:1709.07025;%%"
}

@inproceedings{Jha:2017zad,
      author         = "Jha, Raghav G. and Catterall, Simon and Schaich, David
                        and Wiseman, Toby",
      title          = "{Testing the holographic principle using lattice
                        simulations}",
      booktitle      = "{35th International Symposium on Lattice Field Theory
                        Granada, Spain, June 18-24, 2017}",
      url            = "http://inspirehep.net/record/1631193/files/arXiv:1710.06398.pdf",
      year           = "2017",
      eprint         = "1710.06398",
      archivePrefix  = "arXiv",
      primaryClass   = "hep-lat",
      SLACcitation   = "%%CITATION = ARXIV:1710.06398;%%"
}


@article{Catterall:2017xox,
      author         = "Catterall, Simon and Jha, Raghav G. and Joseph, Anosh",
      title          = "{Nonperturbative study of dynamical SUSY breaking in
                        N=(2,2) Yang-Mills theory}",
      journal        = "Phys. Rev.",
      volume         = "D97",
      year           = "2018",
      number         = "5",
      pages          = "054504",
      doi            = "10.1103/PhysRevD.97.054504",
      eprint         = "1801.00012",
      archivePrefix  = "arXiv",
      primaryClass   = "hep-lat",
      SLACcitation   = "%%CITATION = ARXIV:1801.00012;%%"
}

@article{Hanada:2009hq,
      author         = "Hanada, Masanori and Kanamori, Issaku",
      title          = "{Lattice study of two-dimensional N=(2,2) super
                        Yang-Mills at large-N}",
      journal        = "Phys. Rev.",
      volume         = "D80",
      year           = "2009",
      pages          = "065014",
      doi            = "10.1103/PhysRevD.80.065014",
      eprint         = "0907.4966",
      archivePrefix  = "arXiv",
      primaryClass   = "hep-lat",
      reportNumber   = "DFTT44-2009, WIS-09-09-JUNE-DPP, RIKEN-TH-161",
      SLACcitation   = "%%CITATION = ARXIV:0907.4966;%%"
}

@article{Catterall:2004np,
      author         = "Catterall, Simon",
      title          = "{A Geometrical approach to N=2 super Yang-Mills theory on
                        the two dimensional lattice}",
      journal        = "JHEP",
      volume         = "11",
      year           = "2004",
      pages          = "006",
      doi            = "10.1088/1126-6708/2004/11/006",
      eprint         = "hep-lat/0410052",
      archivePrefix  = "arXiv",
      primaryClass   = "hep-lat",
      reportNumber   = "SU-4252-803",
      SLACcitation   = "%%CITATION = HEP-LAT/0410052;%%"
}







@article{Kanamori:2007ye,
author         = "Kanamori, Issaku and Suzuki, Hiroshi and Sugino,
Fumihiko",
title          = "{Euclidean lattice simulation for dynamical supersymmetry
breaking}",
journal        = "Phys. Rev.",
volume         = "D77",
year           = "2008",
pages          = "091502",
doi            = "10.1103/PhysRevD.77.091502",
eprint         = "0711.2099",
archivePrefix  = "arXiv",
primaryClass   = "hep-lat",
reportNumber   = "RIKEN-TH-121, OIQP-07-15",
SLACcitation   = "%%CITATION = ARXIV:0711.2099;%%"
}


@article{Takimi:2007nn,
author         = "Takimi, Tomohisa",
title          = "{Relationship between various supersymmetric lattice
models}",
journal        = "JHEP",
volume         = "07",
year           = "2007",
pages          = "010",
doi            = "10.1088/1126-6708/2007/07/010",
eprint         = "0705.3831",
archivePrefix  = "arXiv",
primaryClass   = "hep-lat",
reportNumber   = "RIKEN-TH-99",
SLACcitation   = "%%CITATION = ARXIV:0705.3831;%%"
}


@article{Damgaard:2007eh,
author         = "Damgaard, Poul H. and Matsuura, So",
title          = "{Lattice Supersymmetry: Equivalence between the Link
Approach and Orbifolding}",
journal        = "JHEP",
volume         = "09",
year           = "2007",
pages          = "097",
doi            = "10.1088/1126-6708/2007/09/097",
eprint         = "0708.4129",
archivePrefix  = "arXiv",
primaryClass   = "hep-lat",
SLACcitation   = "%%CITATION = ARXIV:0708.4129;%%"
}


@article{Kanamori:2008bk,
author         = "Kanamori, Issaku and Suzuki, Hiroshi",
title          = "{Restoration of supersymmetry on the lattice:
Two-dimensional N = (2,2) supersymmetric Yang-Mills
theory}",
journal        = "Nucl. Phys.",
volume         = "B811",
year           = "2009",
pages          = "420-437",
doi            = "10.1016/j.nuclphysb.2008.11.021",
eprint         = "0809.2856",
archivePrefix  = "arXiv",
primaryClass   = "hep-lat",
reportNumber   = "RIKEN-TH-140",
SLACcitation   = "%%CITATION = ARXIV:0809.2856;%%"
}

@article{Catterall:2007kn,
author        = "Catterall, Simon",
title         = "{From Twisted Supersymmetry to Orbifold Lattices}",
journal       = "JHEP",
volume        = "0801",
pages         = "048",
doi           = "10.1088/1126-6708/2008/01/048",
year          = "2008",
eprint        = "0712.2532",
archivePrefix = "arXiv",
}


@article{Witten:1982df,
author         = "Witten, Edward",
title          = "{Constraints on Supersymmetry Breaking}",
journal        = "Nucl. Phys.",
volume         = "B202",
year           = "1982",
pages          = "253",
doi            = "10.1016/0550-3213(82)90071-2",
reportNumber   = "PRINT-82-0163 (PRINCETON)",
SLACcitation   = "%%CITATION = NUPHA,B202,253;%%"
}



@article{Catterall:2008dv,
author         = "Catterall, Simon",
title          = "{First results from simulations of supersymmetric
lattices}",
journal        = "JHEP",
volume         = "01",
year           = "2009",
pages          = "040",
doi            = "10.1088/1126-6708/2009/01/040",
eprint         = "0811.1203",
archivePrefix  = "arXiv",
primaryClass   = "hep-lat",
SLACcitation   = "%%CITATION = ARXIV:0811.1203;%%"
}

@article{Catterall:2006jw,
      author         = "Catterall, Simon",
      title          = "{Simulations of N=2 super Yang-Mills theory in two
                        dimensions}",
      journal        = "JHEP",
      volume         = "03",
      year           = "2006",
      pages          = "032",
      doi            = "10.1088/1126-6708/2006/03/032",
      eprint         = "hep-lat/0602004",
      archivePrefix  = "arXiv",
      primaryClass   = "hep-lat",
      reportNumber   = "SU-4252-822",
      SLACcitation   = "%%CITATION = HEP-LAT/0602004;%%"
}


@article{Schaich:2014pda,
author        = "Schaich, David and DeGrand, Thomas",
title         = "{Parallel software for lattice $\mathcal N = 4$ supersymmetric Yang--Mills theory}",
journal       = "Comput. Phys. Commun.",
volume        = "190",
pages         = "200--212",
doi           = "10.1016/j.cpc.2014.12.025",
year          = "2015",
eprint        = "1410.6971",
archivePrefix = "arXiv",
}


@article{Matsuura:2007ec,
      author         = "Matsuura, So",
      title          = "{Exact vacuum energy of orbifold lattice theories}",
      journal        = "JHEP",
      volume         = "12",
      year           = "2007",
      pages          = "048",
      doi            = "10.1088/1126-6708/2007/12/048",
      eprint         = "0709.4193",
      archivePrefix  = "arXiv",
      primaryClass   = "hep-lat",
      SLACcitation   = "%%CITATION = ARXIV:0709.4193;%%"
}

@article{Hanada:2010qg,
      author         = "Hanada, Masanori and Kanamori, Issaku",
      title          = "{Absence of sign problem in two-dimensional N = (2,2)
                        super Yang-Mills on lattice}",
      journal        = "JHEP",
      volume         = "01",
      year           = "2011",
      pages          = "058",
      doi            = "10.1007/JHEP01(2011)058",
      eprint         = "1010.2948",
      archivePrefix  = "arXiv",
      primaryClass   = "hep-lat",
      reportNumber   = "DFTT-18-2010, RIKEN-TH-196, WIS-15-10-OCT-DPPA",
      SLACcitation   = "%%CITATION = ARXIV:1010.2948;%%"
}



@article{Park:2016dpb,
author         = "Park, Daniel S.",
title          = "{Recent developments in 2d $\mathcal{N} = (2,2)$
supersymmetric gauge theories}",
journal        = "Int. J. Mod. Phys.",
volume         = "A31",
year           = "2016",
number         = "26",
pages          = "1630045",
doi            = "10.1142/S0217751X16300453",
eprint         = "1608.03607",
archivePrefix  = "arXiv",
primaryClass   = "hep-th",
SLACcitation   = "%%CITATION = ARXIV:1608.03607;%%"
}


@article{Kanamori:2009dk,
author         = "Kanamori, Issaku",
title          = "{Vacuum energy of two-dimensional N=(2,2) super
Yang-Mills theory}",
journal        = "Phys. Rev.",
volume         = "D79",
year           = "2009",
pages          = "115015",
doi            = "10.1103/PhysRevD.79.115015",
eprint         = "0902.2876",
archivePrefix  = "arXiv",
primaryClass   = "hep-lat",
reportNumber   = "RIKEN-TH-149",
SLACcitation   = "%%CITATION = ARXIV:0902.2876;%%"
}



@article{Witten:1981nf,
author         = "Witten, Edward",
title          = "{Dynamical Breaking of Supersymmetry}",
journal        = "Nucl. Phys.",
volume         = "B188",
year           = "1981",
pages          = "513",
doi            = "10.1016/0550-3213(81)90006-7",
reportNumber   = "Print-81-0317 (PRINCETON)",
SLACcitation   = "%%CITATION = NUPHA,B188,513;%%"
}



@article{Hori:2006dk,
author         = "Hori, Kentaro and Tong, David",
title          = "{Aspects of Non-Abelian Gauge Dynamics in Two-Dimensional
N=(2,2) Theories}",
journal        = "JHEP",
volume         = "05",
year           = "2007",
pages          = "079",
doi            = "10.1088/1126-6708/2007/05/079",
eprint         = "hep-th/0609032",
archivePrefix  = "arXiv",
primaryClass   = "hep-th",
SLACcitation   = "%%CITATION = HEP-TH/0609032;%%"
}



@article{Kanamori:2007yx,
author         = "Kanamori, Issaku and Sugino, Fumihiko and Suzuki,
Hiroshi",
title          = "{Observing dynamical supersymmetry breaking with
euclidean lattice simulations}",
journal        = "Prog. Theor. Phys.",
volume         = "119",
year           = "2008",
pages          = "797-827",
doi            = "10.1143/PTP.119.797",
eprint         = "0711.2132",
archivePrefix  = "arXiv",
primaryClass   = "hep-lat",
reportNumber   = "RIKEN-TH-122, OIQP-07-16",
SLACcitation   = "%%CITATION = ARXIV:0711.2132;%%"
}

@article{Catterall:2015tta,
      author         = "Catterall, Simon and Veernala, Aarti",
      title          = "{Spontaneous supersymmetry breaking in two dimensional
                        lattice super QCD}",
      journal        = "JHEP",
      volume         = "10",
      year           = "2015",
      pages          = "013",
      doi            = "10.1007/JHEP10(2015)013",
      eprint         = "1505.00467",
      archivePrefix  = "arXiv",
      primaryClass   = "hep-lat",
      reportNumber   = "FERMILAB-PUB-15-497-T",
      SLACcitation   = "%%CITATION = ARXIV:1505.00467;%%"
}

@article{Clark:2004cp,
      author         = "Clark, M. A. and Kennedy, A. D. and Sroczynski, Z.",
      title          = "{Exact 2+1 flavour RHMC simulations}",
      booktitle      = "{Lattice field theory. Proceedings, 22nd International
                        Symposium, Lattice 2004, Batavia, USA, June 21-26, 2004}",
      journal        = "Nucl. Phys. Proc. Suppl.",
      volume         = "140",
      year           = "2005",
      pages          = "835-837",
      doi            = "10.1016/j.nuclphysbps.2004.11.192",
      note           = "[,835(2004)]",
      eprint         = "hep-lat/0409133",
      archivePrefix  = "arXiv",
      primaryClass   = "hep-lat",
      SLACcitation   = "%%CITATION = HEP-LAT/0409133;%%"
}

@article{Hanada:2017gqc,
      author         = "Hanada, Masanori and Kadoh, Daisuke and Matsuura, So and
                        Sugino, Fumihiko",
      title          = "{O(a) Improvement of 2D N=(2,2) Lattice SYM Theory}",
      year           = "2017",
      eprint         = "1711.02319",
      archivePrefix  = "arXiv",
      primaryClass   = "hep-lat",
      reportNumber   = "YITP-17-57",
      SLACcitation   = "%%CITATION = ARXIV:1711.02319;%%"
}



@article{Catterall:2011aa,
  author        = "Catterall, Simon and Galvez, Richard and Joseph, Anosh and Mehta, Dhagash",
  title         = "{On the sign problem in 2D lattice super Yang-Mills}",
  journal       = "JHEP",
  volume        = "1201",
  pages         = "108",
  doi           = "10.1007/JHEP01(2012)108",
  year          = "2012",
  eprint        = "1112.3588",
  archivePrefix = "arXiv",
}

@article{Catterall:2014mha,
  author        = "Catterall, Simon and Giedt, Joel",
  title         = "{Real space renormalization group for twisted lattice $\mathcal N = 4$ super Yang--Mills}",
  journal       = "JHEP",
  volume        = "1411",
  pages         = "050",
  doi           = "10.1007/JHEP11(2014)050",
  year          = "2014",
  eprint        = "1408.7067",
  archivePrefix = "arXiv",
}

@article{Catterall:2014vga,
  author        = "Catterall, Simon and Giedt, Joel and Schaich, David and Damgaard, Poul H. and DeGrand, Thomas",
  title         = "{Results from lattice simulations of $\mathcal N = 4$ supersymmetric Yang--Mills}",
  journal       = "PoS",
  volume        = "LATTICE2014",
  pages         = "267",
  year          = "2014",
  eprint        = "1411.0166",
  archivePrefix = "arXiv",
  url           = "http://pos.sissa.it/archive/conferences/214/267/LATTICE2014_267.pdf"
}

@article{Catterall:2015ira,
  author        = "Catterall, Simon and Schaich, David",
  title         = "{Lifting flat directions in lattice supersymmetry}",
  journal       = "JHEP",
  volume        = "1507",
  year          = "2015",
  pages         = "057",
  doi           = "10.1007/JHEP07(2015)057",
  eprint        = "1505.03135",
  archivePrefix = "arXiv",
}

@article{Clark:2006fx,
  author        = "Clark, M. A. and Kennedy, A. D.",
  title         = "{Accelerating dynamical fermion computations using the rational hybrid Monte Carlo (RHMC) algorithm with multiple pseudofermion fields}",
  journal       = "Phys. Rev. Lett.",
  volume        = "98",
  pages         = "051601",
  doi           = "10.1103/PhysRevLett.98.051601",
  year          = "2007",
  eprint        = "hep-lat/0608015",
}

@article{Cohen:2003xe,
  author        = "Cohen, Andrew G. and Kaplan, David B. and Katz, Emanuel and {\"U}nsal, Mithat",
  title         = "{Supersymmetry on a euclidean spacetime lattice 1. A target theory with four supercharges}",
  journal       = "JHEP",
  volume        = "0308",
  year          = "2003",
  pages         = "024",
  doi           = "10.1088/1126-6708/2003/08/024",
  eprint        = "hep-lat/0302017",
}

@article{Cohen:2003qw,
  author        = "Cohen, Andrew G. and Kaplan, David B. and Katz, Emanuel and {\"U}nsal, Mithat",
  title         = "{Supersymmetry on a euclidean spacetime lattice 2. Target theories with eight supercharges}",
  journal       = "JHEP",
  volume        = "0312",
  year          = "2003",
  pages         = "031",
  doi           = "10.1088/1126-6708/2003/12/031",
  eprint        = "hep-lat/0307012",
}

@article{Damgaard:2008pa,
  author        = "Damgaard, Poul H. and Matsuura, So",
  title         = "{Geometry of Orbifolded Supersymmetric Lattice Gauge Theories}",
  journal       = "Phys. Lett.",
  volume        = "B661",
  pages         = "52--56",
  doi           = "10.1016/j.physletb.2008.01.044",
  year          = "2008",
  eprint        = "0801.2936",
  archivePrefix = "arXiv",
}

@article{Dias:2017uyv,
  author        = "Dias, {\'O}scar J. C. and Santos, Jorge E. and Way, Benson",
  title         = "{Localised and nonuniform thermal states of super-Yang--Mills on a circle}",
  journal       = "JHEP",
  volume        = "1706",
  year          = "2017",
  pages         = "029",
  doi           = "10.1007/JHEP06(2017)029",
  eprint        = "1702.07718",
  archivePrefix = "arXiv",
}

@article{Fukugita:1990vu,
  author        = "Fukugita, M. and Mino, H. and Okawa, M. and Ukawa, A.",
  title         = "{Finite-size test for the finite-temperature chiral phase transition in lattice QCD}",
  journal       = "Phys. Rev. Lett.",
  volume        = "65",
  year          = "1990",
  pages         = "816--819",
  doi           = "10.1103/PhysRevLett.65.816",
}

@article{Galvez:2012sv,
  author        = "Galvez, Richard and Catterall, Simon and Joseph, Anosh and Mehta, Dhagash",
  title         = "{Investigating the sign problem for two-dimensional $\mathcal{N}=(2,2)$ and $\mathcal{N}=(8,8)$ lattice super Yang--Mills theories}",
  journal       = "PoS",
  volume        = "Lattice 2011",
  pages         = "064",
  year          = "2011",
  eprint        = "1201.1924",
  archivePrefix = "arXiv",
  url           = "http://pos.sissa.it/archive/conferences/139/064/Lattice 2011_064.pdf"
}

@article{Hanada:2008gy,
  author        = "Hanada, Masanori and Miwa, Akitsugu and Nishimura, Jun and Takeuchi, Shingo",
  title         = "{Schwarzschild radius from Monte Carlo calculation of the Wilson loop in supersymmetric matrix quantum mechanics}",
  journal       = "Phys. Rev. Lett.",
  volume        = "102",
  year          = "2009",
  pages         = "181602",
  doi           = "10.1103/PhysRevLett.102.181602",
  eprint        = "0811.2081",
  archivePrefix = "arXiv",
}

@article{Hanada:2008ez,
  author        = "Hanada, Masanori and Hyakutake, Yoshifumi and Nishimura, Jun and Takeuchi, Shingo",
  title         = "{Higher Derivative Corrections to Black Hole Thermodynamics from Supersymmetric Matrix Quantum Mechanics}",
  journal       = "Phys. Rev. Lett.",
  volume        = "102",
  year          = "2009",
  pages         = "191602",
  doi           = "10.1103/PhysRevLett.102.191602",
  eprint        = "0811.3102",
  archivePrefix = "arXiv",
}


@article{Hanada:2016zxj,
  author        = "Hanada, Masanori and Hyakutake, Yoshifumi and Ishiki, Goro and Nishimura, Jun",
  title         = "{Numerical tests of the gauge/gravity duality conjecture for D0-branes at finite temperature and finite $N$}",
  journal       = "Phys. Rev.",
  volume        = "D94",
  year          = "2016",
  pages         = "086010",
  doi           = "10.1103/PhysRevD.94.086010",
  eprint        = "1603.00538",
  archivePrefix = "arXiv",
}

@article{Hotta:1998en,
  author        = "Hotta, Tomohiro and Nishimura, Jun and Tsuchiya, Asato",
  title         = "{Dynamical aspects of large-$N$ reduced models}",
  journal       = "Nucl. Phys.",
  volume        = "B545",
  year          = "1999",
  pages         = "543-575",
  doi           = "10.1016/S0550-3213(99)00056-5",
  eprint        = "hep-th/9811220",
}

@article{Itzhaki:1998dd,
  author        = "Itzhaki, Nissan and Maldacena, Juan Martin and Sonnenschein, Jacob and Yankielowicz, Shimon",
  title         = "{Supergravity and the large-$N$ limit of theories with sixteen supercharges}",
  journal       = "Phys. Rev.",
  volume        = "D58",
  year          = "1998",
  pages         = "046004",
  doi           = "10.1103/PhysRevD.58.046004",
  eprint        = "hep-th/9802042",
}

@article{Kaplan:2005ta,
  author        = "Kaplan, David B. and Unsal, Mithat",
  title         = "{A Euclidean lattice construction of supersymmetric Yang--Mills theories with sixteen supercharges}",
  journal       = "JHEP",
  volume        = "0509",
  pages         = "042",
  doi           = "10.1088/1126-6708/2005/09/042",
  year          = "2005",
  eprint        = "hep-lat/0503039",
}


@article{Mehta:2011ud,
  author        = "Mehta, Dhagash and Catterall, Simon and Galvez, Richard and Joseph, Anosh",
  title         = "{Supersymmetric gauge theories on the lattice: Pfaffian phases and the Neuberger 0/0 problem}",
  journal       = "PoS",
  volume        = "Lattice 2011",
  pages         = "078",
  year          = "2011",
  eprint        = "1112.5413",
  archivePrefix = "arXiv",
  url           = "http://pos.sissa.it/archive/conferences/139/078/Lattice 2011_078.pdf"
}


@article{parallel_imp,
  author        = "Schaich, David and others",
  title         = "{Improved parallel software for lattice supersymmetry}",
  year          = "2019 (in preparation)",
}


@article{PhysRevB.41.9301,
title = {Sign problem in the numerical simulation of many-electron systems},
author = {Loh, E. Y. and Gubernatis, J. E. and Scalettar, R. T. and White, S. R. and Scalapino, D. J. and Sugar, R. L.},
journal = {Phys. Rev. B},
volume = {41},
issue = {13},
pages = {9301--9307},
numpages = {0},
year = {1990},
month = {May},
publisher = {American Physical Society},
doi = {10.1103/PhysRevB.41.9301},
url = {https://link.aps.org/doi/10.1103/PhysRevB.41.9301}
}


@article{Swingle:2009bg,
author         = "Swingle, Brian",
title          = "{Entanglement Renormalization and Holography}",
journal        = "Phys. Rev.",
volume         = "D86",
year           = "2012",
pages          = "065007",
doi            = "10.1103/PhysRevD.86.065007",
eprint         = "0905.1317",
archivePrefix  = "arXiv",
primaryClass   = "cond-mat.str-el",
SLACcitation   = "%%CITATION = ARXIV:0905.1317;%%"
}


@ARTICLE{2007PhRvL..99v0405V,
author = {{Vidal}, G.},
title = "{Entanglement Renormalization}",
journal = {Physical Review Letters},
eprint = {cond-mat/0512165},
keywords = {Quantum statistical mechanics, Computational techniques, simulations, Entanglement production characterization and manipulation, Lattice theory and statistics},
year = 2007,
month = nov,
volume = 99,
number = 22,
eid = {220405},
pages = {220405},
doi = {10.1103/PhysRevLett.99.220405},
adsurl = {http://adsabs.harvard.edu/abs/2007PhRvL..99v0405V},
adsnote = {Provided by the SAO/NASA Astrophysics Data System}
}


@ARTICLE{1994NuPhB.424..443H,
author = {{Holzhey}, C. and {Larsen}, F. and {Wilczek}, F.},
title = "{Geometric and renormalized entropy in conformal field theory}",
journal = {Nuclear Physics B},
eprint = {hep-th/9403108},
year = 1994,
month = aug,
volume = 424,
pages = {443-467},
doi = {10.1016/0550-3213(94)90402-2},
adsurl = {http://adsabs.harvard.edu/abs/1994NuPhB.424..443H},
adsnote = {Provided by the SAO/NASA Astrophysics Data System}
}


@ARTICLE{2004PhLB..600..142C,
author = {{Casini}, H. and {Huerta}, M.},
title = "{A finite entanglement entropy and the c-theorem}",
journal = {Physics Letters B},
eprint = {hep-th/0405111},
year = 2004,
month = oct,
volume = 600,
pages = {142-150},
doi = {10.1016/j.physletb.2004.08.072},
adsurl = {http://adsabs.harvard.edu/abs/2004PhLB..600..142C},
adsnote = {Provided by the SAO/NASA Astrophysics Data System}
}


@ARTICLE{2004JSMTE..06..002C,
author = {{Calabrese}, P. and {Cardy}, J.},
title = "{Entanglement entropy and quantum field theory}",
journal = {Journal of Statistical Mechanics: Theory and Experiment},
eprint = {hep-th/0405152},
year = 2004,
month = jun,
volume = 6,
pages = {06002},
doi = {10.1088/1742-5468/2004/06/P06002},
adsurl = {http://adsabs.harvard.edu/abs/2004JSMTE..06..002C},
adsnote = {Provided by the SAO/NASA Astrophysics Data System}
}


@ARTICLE{Orus:2018,
author = {{Orus}, R.},
title = "{Tensor networks for complex quantum systems}",
journal = {arXiv e-prints},
archivePrefix = "arXiv",
eprint = {1812.04011},
primaryClass = "cond-mat.str-el",
keywords = {Condensed Matter - Strongly Correlated Electrons, High Energy Physics - Lattice, Quantum Physics},
year = 2018,
month = dec,
adsurl = {http://adsabs.harvard.edu/abs/2018arXiv181204011O},
adsnote = {Provided by the SAO/NASA Astrophysics Data System}
}

@ARTICLE{2003PhRvL..90v7902V,
author = {{Vidal}, G. and {Latorre}, J.~I. and {Rico}, E. and {Kitaev}, A.
},
title = "{Entanglement in Quantum Critical Phenomena}",
journal = {Physical Review Letters},
eprint = {quant-ph/0211074},
keywords = {Entanglement production characterization and manipulation, Entanglement and quantum nonlocality, Lattice theory and statistics, Critical point phenomena},
year = 2003,
month = jun,
volume = 90,
number = 22,
eid = {227902},
pages = {227902},
doi = {10.1103/PhysRevLett.90.227902},
adsurl = {http://adsabs.harvard.edu/abs/2003PhRvL..90v7902V},
adsnote = {Provided by the SAO/NASA Astrophysics Data System}
}


@ARTICLE{2018PhRvB..97d5111H,
author = {{Hauru}, M. and {Delcamp}, C. and {Mizera}, S.},
title = "{Renormalization of tensor networks using graph-independent local truncations}",
journal = {\prb},
archivePrefix = "arXiv",
eprint = {1709.07460},
primaryClass = "cond-mat.str-el",
year = 2018,
month = jan,
volume = 97,
number = 4,
eid = {045111},
pages = {045111},
doi = {10.1103/PhysRevB.97.045111},
adsurl = {http://adsabs.harvard.edu/abs/2018PhRvB..97d5111H},
adsnote = {Provided by the SAO/NASA Astrophysics Data System}
}


@ARTICLE{2015PhRvL.115r0405E,
author = {{Evenbly}, G. and {Vidal}, G.},
title = "{Tensor Network Renormalization}",
journal = {Physical Review Letters},
archivePrefix = "arXiv",
eprint = {1412.0732},
primaryClass = "cond-mat.str-el",
keywords = {Quantum statistical mechanics, Computational techniques, simulations, Entanglement production characterization and manipulation, Quantized spin models},
year = 2015,
month = oct,
volume = 115,
number = 18,
eid = {180405},
pages = {180405},
doi = {10.1103/PhysRevLett.115.180405},
adsurl = {http://adsabs.harvard.edu/abs/2015PhRvL.115r0405E},
adsnote = {Provided by the SAO/NASA Astrophysics Data System}
}


@ARTICLE{2015arXiv150907484E,
author = {{Evenbly}, G.},
title = "{Algorithms for tensor network renormalization}",
journal = {arXiv e-prints},
archivePrefix = "arXiv",
eprint = {1509.07484},
primaryClass = "cond-mat.str-el",
keywords = {Condensed Matter - Strongly Correlated Electrons, Quantum Physics},
year = 2015,
month = sep,
adsurl = {http://adsabs.harvard.edu/abs/2015arXiv150907484E},
adsnote = {Provided by the SAO/NASA Astrophysics Data System}
}

@ARTICLE{2009PhRvB..79n4108E,
author = {{Evenbly}, G. and {Vidal}, G.},
title = "{Algorithms for entanglement renormalization}",
journal = {\prb},
archivePrefix = "arXiv",
eprint = {0707.1454},
primaryClass = "cond-mat.str-el",
keywords = {Quantum statistical mechanics, Computational techniques, simulations, Entanglement production characterization and manipulation, Lattice theory and statistics},
year = 2009,
month = apr,
volume = 79,
number = 14,
eid = {144108},
pages = {144108},
doi = {10.1103/PhysRevB.79.144108},
adsurl = {http://adsabs.harvard.edu/abs/2009PhRvB..79n4108E},
adsnote = {Provided by the SAO/NASA Astrophysics Data System}
}

@ARTICLE{2015PhRvL.115t0401E,
author = {{Evenbly}, G. and {Vidal}, G.},
title = "{Tensor Network Renormalization Yields the Multiscale Entanglement Renormalization Ansatz}",
journal = {Physical Review Letters},
archivePrefix = "arXiv",
eprint = {1502.05385},
primaryClass = "cond-mat.str-el",
keywords = {Quantum statistical mechanics, Computational techniques, simulations, Entanglement production characterization and manipulation, Quantized spin models},
year = 2015,
month = nov,
volume = 115,
number = 20,
eid = {200401},
pages = {200401},
doi = {10.1103/PhysRevLett.115.200401},
adsurl = {http://adsabs.harvard.edu/abs/2015PhRvL.115t0401E},
adsnote = {Provided by the SAO/NASA Astrophysics Data System}
}


@ARTICLE{2011JSP...145..891E,
author = {{Evenbly}, G. and {Vidal}, G.},
title = "{Tensor Network States and Geometry}",
journal = {Journal of Statistical Physics},
archivePrefix = "arXiv",
eprint = {1106.1082},
primaryClass = "quant-ph",
keywords = {Quantum many-body, Tensor network states, Entanglement, Matrix product state, Multiscale entanglement renormalization ansatz},
year = 2011,
month = nov,
volume = 145,
pages = {891-918},
doi = {10.1007/s10955-011-0237-4},
adsurl = {http://adsabs.harvard.edu/abs/2011JSP...145..891E},
adsnote = {Provided by the SAO/NASA Astrophysics Data System}
}


@ARTICLE{2018RvMP...90c5007N,
author = {{Nishioka}, T.},
title = "{Entanglement entropy: Holography and renormalization group}",
journal = {Reviews of Modern Physics},
archivePrefix = "arXiv",
eprint = {1801.10352},
primaryClass = "hep-th",
year = 2018,
month = jul,
volume = 90,
number = 3,
eid = {035007},
pages = {035007},
doi = {10.1103/RevModPhys.90.035007},
adsurl = {http://adsabs.harvard.edu/abs/2018RvMP...90c5007N},
adsnote = {Provided by the SAO/NASA Astrophysics Data System}
}

@article{VanRaamsdonk:2009ar,
author         = "Van Raamsdonk, Mark",
title          = "{Comments on quantum gravity and entanglement}",
year           = "2009",
eprint         = "0907.2939",
archivePrefix  = "arXiv",
primaryClass   = "hep-th",
SLACcitation   = "%%CITATION = ARXIV:0907.2939;%%"
}

ARTICLE{2017JPhA...50v3001B,
author = {{Bridgeman}, J.~C. and {Chubb}, C.~T.},
title = "{Hand-waving and interpretive dance: an introductory course on tensor networks}",
journal = {Journal of Physics A Mathematical General},
archivePrefix = "arXiv",
eprint = {1603.03039},
primaryClass = "quant-ph",
year = 2017,
month = jun,
volume = 50,
number = 22,
eid = {223001},
pages = {223001},
doi = {10.1088/1751-8121/aa6dc3},
adsurl = {http://adsabs.harvard.edu/abs/2017JPhA...50v3001B},
adsnote = {Provided by the SAO/NASA Astrophysics Data System}
}


@article{Headrick:2018ctr,
author         = "Headrick, Matthew",
title          = "{Entanglement in Field Theory and Holography}",
booktitle      = "{Proceedings, Theoretical Advanced Study Institute in
Elementary Particle Physics: Physics at the Fundamental
Frontier (TASI 2017): Boulder, CO, USA, June 5-30, 2017}",
journal        = "PoS",
volume         = "TASI2017",
year           = "2018",
pages          = "012",
doi            = "10.22323/1.305.0012",
SLACcitation   = "%%CITATION = POSCI,TASI2017,012;%%"
}

@article{Bazavov:2019qih,
author         = "Bazavov, Alexei and Catterall, Simon and Jha, Raghav G.
and Unmuth-Yockey, Judah",
title          = "{Tensor renormalization group study of the non-Abelian
Higgs model in two dimensions}",
year           = "2019",
eprint         = "1901.11443",
archivePrefix  = "arXiv",
primaryClass   = "hep-lat",
SLACcitation   = "%%CITATION = ARXIV:1901.11443;%%"
}


@ARTICLE{2008PhRvL.101k0501V,
author = {{Vidal}, G.},
title = "{Class of Quantum Many-Body States That Can Be Efficiently Simulated}",
journal = {Physical Review Letters},
eprint = {quant-ph/0610099},
keywords = {Quantum computation, Entanglement and quantum nonlocality, Quantum communication},
year = 2008,
month = sep,
volume = 101,
number = 11,
eid = {110501},
pages = {110501},
doi = {10.1103/PhysRevLett.101.110501},
adsurl = {http://adsabs.harvard.edu/abs/2008PhRvL.101k0501V},
adsnote = {Provided by the SAO/NASA Astrophysics Data System}
}

@article{Gopakumar:1994iq,
author         = "Gopakumar, Rajesh and Gross, David J.",
title          = "{Mastering the master field}",
journal        = "Nucl. Phys.",
volume         = "B451",
year           = "1995",
pages          = "379-415",
doi            = "10.1016/0550-3213(95)00340-X",
eprint         = "hep-th/9411021",
archivePrefix  = "arXiv",
primaryClass   = "hep-th",
reportNumber   = "PUPT-1520",
SLACcitation   = "%%CITATION = HEP-TH/9411021;%%"
}


@article{Hooft:1974aa,
author         = "Hooft, G. 't",
title          = "{A planar diagram theory for strong interactions}",
journal        = "Nucl. Phys.",
volume         = "B72",
year           = "1974",
pages          = "461-473",
}


@ARTICLE{2012LMaPh..99...33M,
   author = {{Minahan}, J.~A.},
    title = "{Review of AdS/CFT Integrability, Chapter I.1: Spin Chains in $\{$mathcal$\{$N$\}$=4$\}$ Super Yang-Mills}",
  journal = {Letters in Mathematical Physics},
archivePrefix = "arXiv",
   eprint = {1012.3983},
 primaryClass = "hep-th",
     year = 2012,
    month = jan,
   volume = 99,
    pages = {33-58},
      doi = {10.1007/s11005-011-0522-9},
   adsurl = {http://adsabs.harvard.edu/abs/2012LMaPh..99...33M},
  adsnote = {Provided by the SAO/NASA Astrophysics Data System}
}

@article{Gross:1973ju,
      author         = "Gross, D. J. and Wilczek, Frank",
      title          = "{Asymptotically Free Gauge Theories - I}",
      journal        = "Phys. Rev.",
      volume         = "D8",
      year           = "1973",
      pages          = "3633-3652",
      doi            = "10.1103/PhysRevD.8.3633",
      reportNumber   = "NAL-PUB-73-49-THY, FERMILAB-PUB-73-049-T",
      SLACcitation   = "%%CITATION = PHRVA,D8,3633;%%"
}


@article{Aharony:1999ti,
      author         = "Aharony, Ofer and Gubser, Steven S. and Maldacena, Juan
                        Martin and Ooguri, Hirosi and Oz, Yaron",
      title          = "{Large N field theories, string theory and gravity}",
      journal        = "Phys. Rept.",
      volume         = "323",
      year           = "2000",
      pages          = "183-386",
      doi            = "10.1016/S0370-1573(99)00083-6",
      eprint         = "hep-th/9905111",
      archivePrefix  = "arXiv",
      primaryClass   = "hep-th",
      reportNumber   = "CERN-TH-99-122, HUTP-99-A027, LBNL-43113, RU-99-18,
                        UCB-PTH-99-16, LBL-43113",
      SLACcitation   = "%%CITATION = HEP-TH/9905111;%%"
}


@article{Catterall:2009it,
author        = "Catterall, Simon and Kaplan, David B. and {\"U}nsal, Mithat",
title         = "{Exact lattice supersymmetry}",
journal       = "Phys. Rept.",
volume        = "484",
pages         = "71--130",
doi           = "10.1016/j.physrep.2009.09.001",
year          = "2009",
eprint        = "0903.4881",
archivePrefix = "arXiv",
}

@article{Sugino:2003yb,
      author         = "Sugino, Fumihiko",
      title          = "{A Lattice formulation of superYang-Mills theories with
                        exact supersymmetry}",
      journal        = "JHEP",
      volume         = "01",
      year           = "2004",
      pages          = "015",
      doi            = "10.1088/1126-6708/2004/01/015",
      eprint         = "hep-lat/0311021",
      archivePrefix  = "arXiv",
      primaryClass   = "hep-lat",
      reportNumber   = "SNUST-031101",
      SLACcitation   = "%%CITATION = HEP-LAT/0311021;%%"
}

@article{Sugino:2004qd,
      author         = "Sugino, Fumihiko",
      title          = "{SuperYang-Mills theories on the two-dimensional lattice
                        with exact supersymmetry}",
      journal        = "JHEP",
      volume         = "03",
      year           = "2004",
      pages          = "067",
      doi            = "10.1088/1126-6708/2004/03/067",
      eprint         = "hep-lat/0401017",
      archivePrefix  = "arXiv",
      primaryClass   = "hep-lat",


      reportNumber   = "SNUST-040101",
      SLACcitation   = "%%CITATION = HEP-LAT/0401017;%%"
}

@article{DAdda:2005rcd,
      author         = "D'Adda, Alessandro and Kanamori, Issaku and Kawamoto,
                        Noboru and Nagata, Kazuhiro",
      title          = "{Exact extended supersymmetry on a lattice: Twisted N=2
                        super Yang-Mills in two dimensions}",
      journal        = "Phys. Lett.",
      volume         = "B633",
      year           = "2006",
      pages          = "645-652",
      doi            = "10.1016/j.physletb.2005.12.034",
      eprint         = "hep-lat/0507029",
      archivePrefix  = "arXiv",
      primaryClass   = "hep-lat",
      reportNumber   = "DFTT-21-2005",
      SLACcitation   = "%%CITATION = HEP-LAT/0507029;%%"
}


@article{Catterall:2003wd,
      author         = "Catterall, Simon",
      title          = "{Lattice supersymmetry and topological field theory}",
      journal        = "JHEP",
      volume         = "05",
      year           = "2003",
      pages          = "038",
      doi            = "10.1088/1126-6708/2003/05/038",
      eprint         = "hep-lat/0301028",
      archivePrefix  = "arXiv",
      primaryClass   = "hep-lat",
      reportNumber   = "SU-4252-774",
      SLACcitation   = "%%CITATION = HEP-LAT/0301028;%%"
}

@article{Catterall:2005fd,
      author         = "Catterall, Simon",
      title          = "{Lattice formulation of N=4 super Yang-Mills theory}",
      journal        = "JHEP",
      volume         = "06",
      year           = "2005",
      pages          = "027",
      doi            = "10.1088/1126-6708/2005/06/027",
      eprint         = "hep-lat/0503036",
      archivePrefix  = "arXiv",
      primaryClass   = "hep-lat",
      reportNumber   = "SU-4252-808",
      SLACcitation   = "%%CITATION = HEP-LAT/0503036;%%"
}

@article{Unsal:2006qp,
author         = "Unsal, Mithat",
title          = "{Twisted supersymmetric gauge theories and orbifold
lattices}",
journal        = "JHEP",
volume         = "10",
year           = "2006",
pages          = "089",
doi            = "10.1088/1126-6708/2006/10/089",
eprint         = "hep-th/0603046",
archivePrefix  = "arXiv",
primaryClass   = "hep-th",
reportNumber   = "BUHEP-06-04",
SLACcitation   = "%%CITATION = HEP-TH/0603046;%%"
}


@article{Catterall:2017lub,
author         = "Catterall, Simon and Jha, Raghav G. and Schaich, David
and Wiseman, Toby",
title          = "{Testing holography using lattice super-Yang-Mills theory
on a 2-torus}",
journal        = "Phys. Rev.",
volume         = "D97",
year           = "2018",
number         = "8",
pages          = "086020",
doi            = "10.1103/PhysRevD.97.086020",
eprint         = "1709.07025",
archivePrefix  = "arXiv",
primaryClass   = "hep-th",
SLACcitation   = "%%CITATION = ARXIV:1709.07025;%%"
}

@inproceedings{Jha:2017zad,
      author         = "Jha, Raghav G. and Catterall, Simon and Schaich, David
                        and Wiseman, Toby",
      title          = "{Testing the holographic principle using lattice
                        simulations}",
      booktitle      = "{35th International Symposium on Lattice Field Theory
                        (Lattice 2017) Granada, Spain, June 18-24, 2017}",
      url            = "http://inspirehep.net/record/1631193/files/arXiv:1710.06398.pdf",
      year           = "2017",
      eprint         = "1710.06398",
      archivePrefix  = "arXiv",
      primaryClass   = "hep-lat",
      SLACcitation   = "%%CITATION = ARXIV:1710.06398;%%"
}




@article{Damgaard:2007eh,
author         = "Damgaard, Poul H. and Matsuura, So",
title          = "{Lattice Supersymmetry: Equivalence between the Link
Approach and Orbifolding}",
journal        = "JHEP",
volume         = "09",
year           = "2007",
pages          = "097",
doi            = "10.1088/1126-6708/2007/09/097",
eprint         = "0708.4129",
archivePrefix  = "arXiv",
primaryClass   = "hep-lat",
SLACcitation   = "%%CITATION = ARXIV:0708.4129;%%"
}




@article{Catterall:2007kn,
author        = "Catterall, Simon",
title         = "{From Twisted Supersymmetry to Orbifold Lattices}",
journal       = "JHEP",
volume        = "0801",
pages         = "048",
doi           = "10.1088/1126-6708/2008/01/048",
year          = "2008",
eprint        = "0712.2532",
archivePrefix = "arXiv",
}



@article{Catterall:2008dv,
author         = "Catterall, Simon",
title          = "{First results from simulations of supersymmetric
lattices}",
journal        = "JHEP",
volume         = "01",
year           = "2009",
pages          = "040",
doi            = "10.1088/1126-6708/2009/01/040",
eprint         = "0811.1203",
archivePrefix  = "arXiv",
primaryClass   = "hep-lat",
SLACcitation   = "%%CITATION = ARXIV:0811.1203;%%"
}



@article{Schaich:2014pda,
author        = "Schaich, David and DeGrand, Thomas",
title         = "{Parallel software for lattice $\mathcal N = 4$ supersymmetric Yang--Mills theory}",
journal       = "Comput. Phys. Commun.",
volume        = "190",
pages         = "200--212",
doi           = "10.1016/j.cpc.2014.12.025",
year          = "2015",
eprint        = "1410.6971",
archivePrefix = "arXiv",
}




@article{Catterall:2014vka,
  author        = "Catterall, Simon and Schaich, David and Damgaard, Poul H. and DeGrand, Thomas and Giedt, Joel",
  title         = "{$\mathcal N = 4$ Supersymmetry on a Space-Time Lattice}",
  journal       = "Phys. Rev.",
  volume        = "D90",
  pages         = "065013",
  doi           = "10.1103/PhysRevD.90.065013",
  year          = "2014",
  eprint        = "1405.0644",
  archivePrefix = "arXiv",
}

@article{Catterall:2014mha,
  author        = "Catterall, Simon and Giedt, Joel",
  title         = "{Real space renormalization group for twisted lattice $\mathcal N = 4$ super Yang--Mills}",
  journal       = "JHEP",
  volume        = "1411",
  pages         = "050",
  doi           = "10.1007/JHEP11(2014)050",
  year          = "2014",
  eprint        = "1408.7067",
  archivePrefix = "arXiv",
}

@article{Catterall:2014vga,
  author        = "Catterall, Simon and Giedt, Joel and Schaich, David and Damgaard, Poul H. and DeGrand, Thomas",
  title         = "{Results from lattice simulations of $\mathcal N = 4$ supersymmetric Yang--Mills}",
  journal       = "PoS",
  volume        = "LATTICE2014",
  pages         = "267",
  year          = "2014",
  eprint        = "1411.0166",
  archivePrefix = "arXiv",
  url           = "http://pos.sissa.it/archive/conferences/214/267/LATTICE2014_267.pdf"
}

@article{Catterall:2015ira,
  author        = "Catterall, Simon and Schaich, David",
  title         = "{Lifting flat directions in lattice supersymmetry}",
  journal       = "JHEP",
  volume        = "1507",
  year          = "2015",
  pages         = "057",
  doi           = "10.1007/JHEP07(2015)057",
  eprint        = "1505.03135",
  archivePrefix = "arXiv",
}

@article{Clark:2006fx,
  author        = "Clark, M. A. and Kennedy, A. D.",
  title         = "{Accelerating dynamical fermion computations using the rational hybrid Monte Carlo (RHMC) algorithm with multiple pseudofermion fields}",
  journal       = "Phys. Rev. Lett.",
  volume        = "98",
  pages         = "051601",
  doi           = "10.1103/PhysRevLett.98.051601",
  year          = "2007",
  eprint        = "hep-lat/0608015",
}

@article{Cohen:2003xe,
  author        = "Cohen, Andrew G. and Kaplan, David B. and Katz, Emanuel and {\"U}nsal, Mithat",
  title         = "{Supersymmetry on a euclidean spacetime lattice 1. A target theory with four supercharges}",
  journal       = "JHEP",
  volume        = "0308",
  year          = "2003",
  pages         = "024",
  doi           = "10.1088/1126-6708/2003/08/024",
  eprint        = "hep-lat/0302017",
}

@article{Giedt:2006pd,
      author         = "Giedt, Joel",
      title          = "{Deconstruction and other approaches to supersymmetric
                        lattice field theories}",
      journal        = "Int. J. Mod. Phys.",
      volume         = "A21",
      year           = "2006",
      pages          = "3039-3094",
      doi            = "10.1142/S0217751X06031752",
      eprint         = "hep-lat/0602007",
      archivePrefix  = "arXiv",
      primaryClass   = "hep-lat",
      reportNumber   = "FTPI-MINN-06-04, UMN-TH-2430-06",
      SLACcitation   = "%%CITATION = HEP-LAT/0602007;%%"
}

@article{Cohen:2003qw,
  author        = "Cohen, Andrew G. and Kaplan, David B. and Katz, Emanuel and {\"U}nsal, Mithat",
  title         = "{Supersymmetry on a euclidean spacetime lattice 2. Target theories with eight supercharges}",
  journal       = "JHEP",
  volume        = "0312",
  year          = "2003",
  pages         = "031",
  doi           = "10.1088/1126-6708/2003/12/031",
  eprint        = "hep-lat/0307012",
}

@article{Damgaard:2008pa,
  author        = "Damgaard, Poul H. and Matsuura, So",
  title         = "{Geometry of Orbifolded Supersymmetric Lattice Gauge Theories}",
  journal       = "Phys. Lett.",
  volume        = "B661",
  pages         = "52--56",
  doi           = "10.1016/j.physletb.2008.01.044",
  year          = "2008",
  eprint        = "0801.2936",
  archivePrefix = "arXiv",
}

@article{Dias:2017uyv,
  author        = "Dias, {\'O}scar J. C. and Santos, Jorge E. and Way, Benson",
  title         = "{Localised and nonuniform thermal states of super-Yang--Mills on a circle}",
  journal       = "JHEP",
  volume        = "1706",
  year          = "2017",
  pages         = "029",
  doi           = "10.1007/JHEP06(2017)029",
  eprint        = "1702.07718",
  archivePrefix = "arXiv",
}

@article{Fukugita:1990vu,
  author        = "Fukugita, M. and Mino, H. and Okawa, M. and Ukawa, A.",
  title         = "{Finite-size test for the finite-temperature chiral phase transition in lattice QCD}",
  journal       = "Phys. Rev. Lett.",
  volume        = "65",
  year          = "1990",
  pages         = "816--819",
  doi           = "10.1103/PhysRevLett.65.816",
}

@article{Galvez:2012sv,
  author        = "Galvez, Richard and Catterall, Simon and Joseph, Anosh and Mehta, Dhagash",
  title         = "{Investigating the sign problem for two-dimensional $\mathcal{N}=(2,2)$ and $\mathcal{N}=(8,8)$ lattice super Yang--Mills theories}",
  journal       = "PoS",
  volume        = "Lattice 2011",
  pages         = "064",
  year          = "2011",
  eprint        = "1201.1924",
  archivePrefix = "arXiv",
  url           = "http://pos.sissa.it/archive/conferences/139/064/Lattice 2011_064.pdf"
}

@article{Hanada:2008gy,
  author        = "Hanada, Masanori and Miwa, Akitsugu and Nishimura, Jun and Takeuchi, Shingo",
  title         = "{Schwarzschild radius from Monte Carlo calculation of the Wilson loop in supersymmetric matrix quantum mechanics}",
  journal       = "Phys. Rev. Lett.",
  volume        = "102",
  year          = "2009",
  pages         = "181602",
  doi           = "10.1103/PhysRevLett.102.181602",
  eprint        = "0811.2081",
  archivePrefix = "arXiv",
}

@article{Hanada:2008ez,
  author        = "Hanada, Masanori and Hyakutake, Yoshifumi and Nishimura, Jun and Takeuchi, Shingo",
  title         = "{Higher Derivative Corrections to Black Hole Thermodynamics from Supersymmetric Matrix Quantum Mechanics}",
  journal       = "Phys. Rev. Lett.",
  volume        = "102",
  year          = "2009",
  pages         = "191602",
  doi           = "10.1103/PhysRevLett.102.191602",
  eprint        = "0811.3102",
  archivePrefix = "arXiv",
}

@article{Hanada:2010qg,
  author        = "Hanada, Masanori and Kanamori, Issaku",
  title         = "{Absence of sign problem in two-dimensional $\mathcal N = (2, 2)$ super Yang-Mills on lattice}",
  journal       = "JHEP",
  volume        = "1101",
  pages         = "058",
  doi           = "10.1007/JHEP01(2011)058",
  year          = "2011",
  eprint        = "1010.2948",
  archivePrefix = "arXiv",
}

@article{Hanada:2016zxj,
  author        = "Hanada, Masanori and Hyakutake, Yoshifumi and Ishiki, Goro and Nishimura, Jun",
  title         = "{Numerical tests of the gauge/gravity duality conjecture for D0-branes at finite temperature and finite $N$}",
  journal       = "Phys. Rev.",
  volume        = "D94",
  year          = "2016",
  pages         = "086010",
  doi           = "10.1103/PhysRevD.94.086010",
  eprint        = "1603.00538",
  archivePrefix = "arXiv",
}

@article{Hotta:1998en,
  author        = "Hotta, Tomohiro and Nishimura, Jun and Tsuchiya, Asato",
  title         = "{Dynamical aspects of large-$N$ reduced models}",
  journal       = "Nucl. Phys.",
  volume        = "B545",
  year          = "1999",
  pages         = "543-575",
  doi           = "10.1016/S0550-3213(99)00056-5",
  eprint        = "hep-th/9811220",
}

@article{Itzhaki:1998dd,
  author        = "Itzhaki, Nissan and Maldacena, Juan Martin and Sonnenschein, Jacob and Yankielowicz, Shimon",
  title         = "{Supergravity and the large-$N$ limit of theories with sixteen supercharges}",
  journal       = "Phys. Rev.",
  volume        = "D58",
  year          = "1998",
  pages         = "046004",
  doi           = "10.1103/PhysRevD.58.046004",
  eprint        = "hep-th/9802042",
}

@article{Kaplan:2005ta,
  author        = "Kaplan, David B. and Unsal, Mithat",
  title         = "{A Euclidean lattice construction of supersymmetric Yang--Mills theories with sixteen supercharges}",
  journal       = "JHEP",
  volume        = "0509",
  pages         = "042",
  doi           = "10.1088/1126-6708/2005/09/042",
  year          = "2005",
  eprint        = "hep-lat/0503039",
}

@article{Giedt:2016wig,
      author         = "Giedt, Joel and Catterall, Simon and Damgaard, Poul and
                        Schaich, David",
      title          = "{S-duality in lattice super Yang-Mills}",
      booktitle      = "{Proceedings, 34th International Symposium on Lattice
                        Field Theory (Lattice 2016): Southampton, UK, July 24-30,
                        2016}",
      journal        = "PoS",
      volume         = "LATTICE2016",
      year           = "2016",
      pages          = "209",
      SLACcitation   = "%%CITATION = POSCI,LATTICE2016,209;%%"
}

@article{parallel_imp,
  author        = "Schaich, David and others",
  title         = "{Improved parallel software for lattice supersymmetry}",
  year          = "in preparation",
}

@article{Bergner:2016sbv,
      author         = "Bergner, Georg and Catterall, Simon",
      title          = "{Supersymmetry on the lattice}",
      journal        = "Int. J. Mod. Phys.",
      volume         = "A31",
      year           = "2016",
      number         = "22",
      pages          = "1643005",
      doi            = "10.1142/S0217751X16430053",
      eprint         = "1603.04478",
      archivePrefix  = "arXiv",
      primaryClass   = "hep-lat",
      SLACcitation   = "%%CITATION = ARXIV:1603.04478;%%"
}


@article{Hanada:2008ez,
author         = "Hanada, Masanori and Hyakutake, Yoshifumi and Nishimura,
Jun and Takeuchi, Shingo",
title          = "{Higher derivative corrections to black hole
thermodynamics from supersymmetric matrix quantum
mechanics}",
journal        = "Phys. Rev. Lett.",
volume         = "102",
year           = "2009",
pages          = "191602",
doi            = "10.1103/PhysRevLett.102.191602",
eprint         = "0811.3102",
archivePrefix  = "arXiv",
primaryClass   = "hep-th",
SLACcitation   = "%%CITATION = ARXIV:0811.3102;%%"
}


@article{Anagnostopoulos:2007fw,
author         = "Anagnostopoulos, Konstantinos N. and Hanada, Masanori and
Nishimura, Jun and Takeuchi, Shingo",
title          = "{Monte Carlo studies of supersymmetric matrix quantum
mechanics with sixteen supercharges at finite
temperature}",
journal        = "Phys. Rev. Lett.",
volume         = "100",
year           = "2008",
pages          = "021601",
doi            = "10.1103/PhysRevLett.100.021601",
eprint         = "0707.4454",
archivePrefix  = "arXiv",
primaryClass   = "hep-th",
reportNumber   = "RIKEN-TH-112, KEK-TH-1165",
SLACcitation   = "%%CITATION = ARXIV:0707.4454;%%"
}



@article{Hanada:2010kt,
author         = "Hanada, Masanori and Matsuura, So and Sugino, Fumihiko",
title          = "{Two-dimensional lattice for four-dimensional N=4
supersymmetric Yang-Mills}",
journal        = "Prog. Theor. Phys.",
volume         = "126",
year           = "2011",
pages          = "597-611",
doi            = "10.1143/PTP.126.597",
eprint         = "1004.5513",
archivePrefix  = "arXiv",
primaryClass   = "hep-lat",
reportNumber   = "WIS-05-10-APR-DPPA, OIQP-10-03",
SLACcitation   = "%%CITATION = ARXIV:1004.5513;%%"
}

@article{Honda:2010nx,
      author         = "Honda, Masazumi and Ishiki, Goro and Kim, Sang-Woo and
                        Nishimura, Jun and Tsuchiya, Asato",
      title          = "{Supersymmetry non-renormalization theorem from a
                        computer and the AdS/CFT correspondence}",
      journal        = "PoS",
      volume         = "LATTICE2010",
      pages          = "253",
      year           = "2010",
      eprint         = "1011.3904",
      archivePrefix  = "arXiv",
      primaryClass   = "hep-lat",
      reportNumber   = "KEK-TH-1420",
      SLACcitation   = "%%CITATION = ARXIV:1011.3904;%%",
}

@article{Hanada:2013rga,
      author         = "Hanada, Masanori and Hyakutake, Yoshifumi and Ishiki,
                        Goro and Nishimura, Jun",
      title          = "{Holographic description of quantum black hole on a
                        computer}",
      year           = "2013",
      eprint         = "1311.5607",
      archivePrefix  = "arXiv",
      primaryClass   = "hep-th",
      SLACcitation   = "%%CITATION = ARXIV:1311.5607;%%",
}

@article{Honda:2011qk,
      author         = "Honda, Masazumi and Ishiki, Goro and Nishimura, Jun and
                        Tsuchiya, Asato",
      title          = "{Testing the AdS/CFT correspondence by Monte Carlo
                        calculation of BPS and non-BPS Wilson loops in 4d N=4
                        super-Yang-Mills theory}",
      journal        = "PoS",
      volume         = "LATTICE2011",
      pages          = "244",
      year           = "2011",
      eprint         = "1112.4274",
      archivePrefix  = "arXiv",
      primaryClass   = "hep-lat",
      reportNumber   = "KEK-TH-1513",
      SLACcitation   = "%%CITATION = ARXIV:1112.4274;%%",
      }
      
@article{Ishii:2008ib,
      author         = "Ishii, Takaaki and Ishiki, Goro and Shimasaki, Shinji and
                        Tsuchiya, Asato",
      title          = "{N=4 Super Yang-Mills from the Plane Wave Matrix Model}",
      journal        = "Phys.Rev.",
      volume         = "D78",
      pages          = "106001",
      doi            = "10.1103/PhysRevD.78.106001",
      year           = "2008",
      eprint         = "0807.2352",
      archivePrefix  = "arXiv",
      primaryClass   = "hep-th",
      reportNumber   = "OU-HET-608, KEK-TH-1258",
      SLACcitation   = "%%CITATION = ARXIV:0807.2352;%%",
}
@article{Ishiki:2008te,
      author         = "Ishiki, Goro and Kim, Sang-Woo and Nishimura, Jun and
                        Tsuchiya, Asato",
      title          = "{Deconfinement phase transition in N=4 super Yang-Mills
                        theory on R x S**3 from supersymmetric matrix quantum
                        mechanics}",
      journal        = "Phys.Rev.Lett.",
      volume         = "102",
      pages          = "111601",
      doi            = "10.1103/PhysRevLett.102.111601",
      year           = "2009",
      eprint         = "0810.2884",
      archivePrefix  = "arXiv",
      primaryClass   = "hep-th",
      reportNumber   = "OU-HET-613, KEK-TH-1280",
      SLACcitation   = "%%CITATION = ARXIV:0810.2884;%%",
}

@article{Hanada:2010kt,
  author        = "Hanada, Masanori and Matsuura, So and Sugino, Fumihiko",
  title         = "{Two-dimensional lattice for four-dimensional $\mathcal{N}=4$ supersymmetric Yang-Mills}",
  journal       = "Prog. Theor. Phys.",
  volume        = "126",
  pages         = "597-611",
  doi           = "10.1143/PTP.126.597",
  year          = "2011",
  eprint        = "1004.5513",
  archivePrefix = "arXiv",
}

@article{Giedt:2018fxe,
      author         = "Giedt, Joel and Catterall, Simon and Jha, Raghav Govind",
      title          = "{Truncation of lattice $N = 4$ super Yang-Mills}",
      booktitle      = "{Proceedings, 35th International Symposium on Lattice
                        Field Theory (Lattice 2017): Granada, Spain, June 18-24,
                        2017}",
      journal        = "EPJ Web Conf.",
      volume         = "175",
      year           = "2018",
      pages          = "11008",
      doi            = "10.1051/epjconf/201817511008",
      SLACcitation   = "%%CITATION = 00776,175,11008;%%"
}


@article{Berkowitz:2016jlq,
      author         = "Berkowitz, Evan and Rinaldi, Enrico and Hanada, Masanori
                        and Ishiki, Goro and Shimasaki, Shinji and Vranas, Pavlos",
      title          = "{Precision lattice test of the gauge/gravity duality at
                        large-$N$}",
      journal        = "Phys. Rev.",
      volume         = "D94",
      year           = "2016",
      number         = "9",
      pages          = "094501",
      doi            = "10.1103/PhysRevD.94.094501",
      eprint         = "1606.04951",
      archivePrefix  = "arXiv",
      primaryClass   = "hep-lat",
      reportNumber   = "LLNL-JRNL-694385, UTHEP-689, YITP-16-73",
      SLACcitation   = "%%CITATION = ARXIV:1606.04951;%%"
}

@article{Rinaldi:2017mjl,
      author         = "Rinaldi, Enrico and Berkowitz, Evan and Hanada, Masanori
                        and Maltz, Jonathan and Vranas, Pavlos",
      title          = "{Toward Holographic Reconstruction of Bulk Geometry from
                        Lattice Simulations}",
      journal        = "JHEP",
      volume         = "02",
      year           = "2018",
      pages          = "042",
      doi            = "10.1007/JHEP02(2018)042",
      eprint         = "1709.01932",
      archivePrefix  = "arXiv",
      primaryClass   = "hep-th",
      reportNumber   = "SU-ITP-17-05, YITP-17-55, LLNL-JRNL-732009, RBRC-1251",
      SLACcitation   = "%%CITATION = ARXIV:1709.01932;%%"
}


@article{Berkowitz:2018qhn,
      author         = "Berkowitz, Evan and Hanada, Masanori and Rinaldi, Enrico
                        and Vranas, Pavlos",
      title          = "{Gauged And Ungauged: A Nonperturbative Test}",
      journal        = "JHEP",
      volume         = "06",
      year           = "2018",
      pages          = "124",
      doi            = "10.1007/JHEP06(2018)124",
      eprint         = "1802.02985",
      archivePrefix  = "arXiv",
      primaryClass   = "hep-th",
      reportNumber   = "YITP-18-01, RBRC-1267",
      SLACcitation   = "%%CITATION = ARXIV:1802.02985;%%"
}

@article{Hanada:2010qg,
      author         = "Hanada, Masanori and Kanamori, Issaku",
      title          = "{Absence of sign problem in two-dimensional N = (2,2)
                        super Yang-Mills on lattice}",
      journal        = "JHEP",
      volume         = "01",
      year           = "2011",
      pages          = "058",
      doi            = "10.1007/JHEP01(2011)058",
      eprint         = "1010.2948",
      archivePrefix  = "arXiv",
      primaryClass   = "hep-lat",
      reportNumber   = "DFTT-18-2010, RIKEN-TH-196, WIS-15-10-OCT-DPPA",
      SLACcitation   = "%%CITATION = ARXIV:1010.2948;%%"
}

@article{Kanamori:2012et,
      author         = "Kanamori, Issaku",
      title          = "{Lattice formulation of two-dimensional N=(2,2) super
                        Yang-Mills with SU(N) gauge group}",
      journal        = "JHEP",
      volume         = "07",
      year           = "2012",
      pages          = "021",
      doi            = "10.1007/JHEP07(2012)021",
      eprint         = "1202.2101",
      archivePrefix  = "arXiv",
      primaryClass   = "hep-lat",
      SLACcitation   = "%%CITATION = ARXIV:1202.2101;%%"
}


@article{Marcus:1995mq,
      author         = "Marcus, Neil",
      title          = "{The Other topological twisting of N=4 Yang-Mills}",
      journal        = "Nucl. Phys.",
      volume         = "B452",
      year           = "1995",
      pages          = "331-345",
      doi            = "10.1016/0550-3213(95)00389-A",
      eprint         = "hep-th/9506002",
      archivePrefix  = "arXiv",
      primaryClass   = "hep-th",
      reportNumber   = "TAUP-2247-95",
      SLACcitation   = "%%CITATION = HEP-TH/9506002;%%"
}


@article{tHooft:1993dmi,
      author         = "'t Hooft, Gerard",
      title          = "{Dimensional reduction in quantum gravity}",
      booktitle      = "{Conference on Highlights of Particle and Condensed
                        Matter Physics (SALAMFEST) Trieste, Italy, March 8-12,
                        1993}",
      journal        = "Conf. Proc.",
      volume         = "C930308",
      year           = "1993",
      pages          = "284-296",
      eprint         = "gr-qc/9310026",
      archivePrefix  = "arXiv",
      primaryClass   = "gr-qc",
      reportNumber   = "THU-93-26",
      SLACcitation   = "%%CITATION = GR-QC/9310026;%%"
}


@ARTICLE{2008NuPhB.796..274K,
   author = {{Klebanov}, I.~R. and {Kutasov}, D. and {Murugan}, A.},
    title = "{Entanglement as a probe of confinement}",
  journal = {Nuclear Physics B},
archivePrefix = "arXiv",
   eprint = {0709.2140},
 primaryClass = "hep-th",
 keywords = {General properties of QCD, Expansions for large numbers of components, Gauge/string duality, Phase transitions: general studies, Entanglement production characterization and manipulation, Entanglement and quantum nonlocality},
     year = 2008,
    month = jun,
   volume = 796,
    pages = {274-293},
      doi = {10.1016/j.nuclphysb.2007.12.017},
   adsurl = {http://adsabs.harvard.edu/abs/2008NuPhB.796..274K},
  adsnote = {Provided by the SAO/NASA Astrophysics Data System}
}

@article{THOOFT1985727,
title = "On the quantum structure of a black hole",
journal = "Nuclear Physics B",
volume = "256",
pages = "727 - 745",
year = "1985",
issn = "0550-3213",
doi = "https://doi.org/10.1016/0550-3213(85)90418-3",
url = "http://www.sciencedirect.com/science/article/pii/0550321385904183",
author = "Gerard 't Hooft",
abstract = "The assumption is made that black holes should be subject to the same rules of quantum mechanics as ordinary elementary particles or composite systems. Although a complete theory for reconciling this requirement with that of general coordinate transformation invariance is not yet in sight, a number of observations can be made and a general framework is suggested."
}

@article{Susskind:1994vu,
      author         = "Susskind, Leonard",
      title          = "{The World as a hologram}",
      journal        = "J. Math. Phys.",
      volume         = "36",
      year           = "1995",
      pages          = "6377-6396",
      doi            = "10.1063/1.531249",
      eprint         = "hep-th/9409089",
      archivePrefix  = "arXiv",
      primaryClass   = "hep-th",
      reportNumber   = "SU-ITP-94-33",
      SLACcitation   = "%%CITATION = HEP-TH/9409089;%%"
}

@article{Maldacena:1997re,
      author         = "Maldacena, Juan Martin",
      title          = "{The Large N limit of superconformal field theories and
                        supergravity}",
      journal        = "Int. J. Theor. Phys.",
      volume         = "38",
      year           = "1999",
      pages          = "1113-1133",
      doi            = "10.1023/A:1026654312961, 10.4310/ATMP.1998.v2.n2.a1",
      note           = "[Adv. Theor. Math. Phys.2,231(1998)]",
      eprint         = "hep-th/9711200",
      archivePrefix  = "arXiv",
      primaryClass   = "hep-th",
      reportNumber   = "HUTP-97-A097, HUTP-98-A097",
      SLACcitation   = "%%CITATION = HEP-TH/9711200;%%"
}

@ARTICLE{2013JHEP...08..060B,
   author = {{Blanco}, D.~D. and {Casini}, H. and {Hung}, L.-Y. and {Myers}, R.~C.
	},
    title = "{Relative entropy and holography}",
  journal = {Journal of High Energy Physics},
archivePrefix = "arXiv",
   eprint = {1305.3182},
 primaryClass = "hep-th",
 keywords = {AdS-CFT Correspondence, Black Holes, Holography and condensed matter physics (AdS/CMT)},
     year = 2013,
    month = aug,
   volume = 8,
      eid = {60},
    pages = {60},
      doi = {10.1007/JHEP08(2013)060},
   adsurl = {http://adsabs.harvard.edu/abs/2013JHEP...08..060B},
  adsnote = {Provided by the SAO/NASA Astrophysics Data System}
}




@article{Swingle:2009bg,
author         = "Swingle, Brian",
title          = "{Entanglement Renormalization and Holography}",
journal        = "Phys. Rev.",
volume         = "D86",
year           = "2012",
pages          = "065007",
doi            = "10.1103/PhysRevD.86.065007",
eprint         = "0905.1317",
archivePrefix  = "arXiv",
primaryClass   = "cond-mat.str-el",
SLACcitation   = "%%CITATION = ARXIV:0905.1317;%%"
}

@ARTICLE{2009JPhA...42X4007C,
   author = {{Casini}, H. and {Huerta}, M.},
    title = "{Entanglement entropy in free quantum field theory}",
  journal = {Journal of Physics A Mathematical General},
archivePrefix = "arXiv",
   eprint = {0905.2562},
 primaryClass = "hep-th",
     year = 2009,
    month = dec,
   volume = 42,
      eid = {504007},
    pages = {504007},
      doi = {10.1088/1751-8113/42/50/504007},
   adsurl = {http://adsabs.harvard.edu/abs/2009JPhA...42X4007C},
  adsnote = {Provided by the SAO/NASA Astrophysics Data System}
}


@article{Bombelli:1986rw,
      author         = "Bombelli, Luca and Koul, Rabinder K. and Lee, Joohan and
                        Sorkin, Rafael D.",
      title          = "{A Quantum Source of Entropy for Black Holes}",
      journal        = "Phys. Rev.",
      volume         = "D34",
      year           = "1986",
      pages          = "373-383",
      doi            = "10.1103/PhysRevD.34.373",
      reportNumber   = "PRINT-86-0371 (SYRACUSE)",
      SLACcitation   = "%%CITATION = PHRVA,D34,373;%%"
}


@article{Susskind:1994sm,
      author         = "Susskind, Leonard and Uglum, John",
      title          = "{Black hole entropy in canonical quantum gravity and
                        superstring theory}",
      journal        = "Phys. Rev.",
      volume         = "D50",
      year           = "1994",
      pages          = "2700-2711",
      doi            = "10.1103/PhysRevD.50.2700",
      eprint         = "hep-th/9401070",
      archivePrefix  = "arXiv",
      primaryClass   = "hep-th",
      reportNumber   = "SU-ITP-94-1",
      SLACcitation   = "%%CITATION = HEP-TH/9401070;%%"
}


@INPROCEEDINGS{2017tasi.conf..297V,
   author = {{van Raamsdonk}, M.},
    title = "{Lectures on Gravity and Entanglement}",
booktitle = {New Frontiers in Fields and Strings (TASI 2015},
     year = 2017,
archivePrefix = "arXiv",
   eprint = {1609.00026},
 primaryClass = "hep-th",
   editor = {{Polchinski}, J. and {et al.}},
    pages = {297-351},
      doi = {10.1142/9789813149441_0005},
   adsurl = {http://adsabs.harvard.edu/abs/2017tasi.conf..297V},
  adsnote = {Provided by the SAO/NASA Astrophysics Data System}
}

@article{Polchinski:1995mt,
      author         = "Polchinski, Joseph",
      title          = "{Dirichlet Branes and Ramond-Ramond charges}",
      journal        = "Phys. Rev. Lett.",
      volume         = "75",
      year           = "1995",
      pages          = "4724-4727",
      doi            = "10.1103/PhysRevLett.75.4724",
      eprint         = "hep-th/9510017",
      archivePrefix  = "arXiv",
      primaryClass   = "hep-th",
      reportNumber   = "NSF-ITP-95-122",
      SLACcitation   = "%%CITATION = HEP-TH/9510017;%%"
}


@article{Srednicki:1993im,
      author         = "Srednicki, Mark",
      title          = "{Entropy and area}",
      journal        = "Phys. Rev. Lett.",
      volume         = "71",
      year           = "1993",
      pages          = "666-669",
      doi            = "10.1103/PhysRevLett.71.666",
      eprint         = "hep-th/9303048",
      archivePrefix  = "arXiv",
      primaryClass   = "hep-th",
      reportNumber   = "LBL-33754, CFPA-93-02",
      SLACcitation   = "%%CITATION = HEP-TH/9303048;%%"
}


@ARTICLE{2006PhRvL..96k0405L,
   author = {{Levin}, M. and {Wen}, X.-G.},
    title = "{Detecting Topological Order in a Ground State Wave Function}",
  journal = {Physical Review Letters},
   eprint = {cond-mat/0510613},
 keywords = {Gauge field theories, Entanglement and quantum nonlocality, Strings and branes, Theories and models of many-electron systems},
     year = 2006,
    month = mar,
   volume = 96,
   number = 11,
      eid = {110405},
    pages = {110405},
      doi = "10.1103/PhysRevLett.96.110405",
   adsurl = {http://adsabs.harvard.edu/abs/2006PhRvL..96k0405L},
  adsnote = {Provided by the SAO/NASA Astrophysics Data System}
}


@ARTICLE{2006PhRvL..96k0404K,
   author = {{Kitaev}, A. and {Preskill}, J.},
    title = "{Topological Entanglement Entropy}",
  journal = {Physical Review Letters},
   eprint = {hep-th/0510092},
 keywords = {Entanglement and quantum nonlocality, Entanglement production characterization and manipulation, Fermions in reduced dimensions, Quantum phase transitions},
     year = 2006,
    month = mar,
   volume = 96,
   number = 11,
      eid = {110404},
    pages = {110404},
      doi = {10.1103/PhysRevLett.96.110404},
   adsurl = {http://adsabs.harvard.edu/abs/2006PhRvL..96k0404K},
  adsnote = {Provided by the SAO/NASA Astrophysics Data System}
}




@ARTICLE{2007PhRvL..99v0405V,
author = {{Vidal}, G.},
title = "{Entanglement Renormalization}",
journal = {Physical Review Letters},
eprint = {cond-mat/0512165},
keywords = {Quantum statistical mechanics, Computational techniques, simulations, Entanglement production characterization and manipulation, Lattice theory and statistics},
year = 2007,
month = nov,
volume = 99,
number = 22,
eid = {220405},
pages = {220405},
doi = {10.1103/PhysRevLett.99.220405},
adsurl = {http://adsabs.harvard.edu/abs/2007PhRvL..99v0405V},
adsnote = {Provided by the SAO/NASA Astrophysics Data System}
}

@article{VanRaamsdonk:2010pw,
      author         = "Van Raamsdonk, Mark",
      title          = "{Building up spacetime with quantum entanglement}",
      journal        = "Gen. Rel. Grav.",
      volume         = "42",
      year           = "2010",
      pages          = "2323-2329",
      doi            = "10.1007/s10714-010-1034-0, 10.1142/S0218271810018529",
      note           = "[Int. J. Mod. Phys.D19,2429(2010)]",
      eprint         = "1005.3035",
      archivePrefix  = "arXiv",
      primaryClass   = "hep-th",
      SLACcitation   = "%%CITATION = ARXIV:1005.3035;%%"
}


@ARTICLE{1994NuPhB.424..443H,
author = {{Holzhey}, C. and {Larsen}, F. and {Wilczek}, F.},
title = "{Geometric and renormalized entropy in conformal field theory}",
journal = {Nuclear Physics B},
eprint = {hep-th/9403108},
year = 1994,
month = aug,
volume = 424,
pages = {443-467},
doi = {10.1016/0550-3213(94)90402-2},
adsurl = {http://adsabs.harvard.edu/abs/1994NuPhB.424..443H},
adsnote = {Provided by the SAO/NASA Astrophysics Data System}
}


@ARTICLE{2004PhLB..600..142C,
author = {{Casini}, H. and {Huerta}, M.},
title = "{A finite entanglement entropy and the c-theorem}",
journal = {Physics Letters B},
eprint = {hep-th/0405111},
year = 2004,
month = oct,
volume = 600,
pages = {142-150},
doi = {10.1016/j.physletb.2004.08.072},
adsurl = {http://adsabs.harvard.edu/abs/2004PhLB..600..142C},
adsnote = {Provided by the SAO/NASA Astrophysics Data System}
}


@ARTICLE{2004JSMTE..06..002C,
author = {{Calabrese}, P. and {Cardy}, J.},
title = "{Entanglement entropy and quantum field theory}",
journal = {Journal of Statistical Mechanics: Theory and Experiment},
eprint = {hep-th/0405152},
year = 2004,
month = jun,
volume = 6,
pages = {06002},
doi = {10.1088/1742-5468/2004/06/P06002},
adsurl = {http://adsabs.harvard.edu/abs/2004JSMTE..06..002C},
adsnote = {Provided by the SAO/NASA Astrophysics Data System}
}

@article{Maldacena:2013xja,
      author         = "Maldacena, Juan and Susskind, Leonard",
      title          = "{Cool horizons for entangled black holes}",
      journal        = "Fortsch. Phys.",
      volume         = "61",
      year           = "2013",
      pages          = "781-811",
      doi            = "10.1002/prop.201300020",
      eprint         = "1306.0533",
      archivePrefix  = "arXiv",
      primaryClass   = "hep-th",
      SLACcitation   = "%%CITATION = ARXIV:1306.0533;%%"
}


@ARTICLE{Orus:2018,
author = {{Orus}, R.},
title = "{Tensor networks for complex quantum systems}",
journal = {arXiv e-prints},
archivePrefix = "arXiv",
eprint = {1812.04011},
primaryClass = "cond-mat.str-el",
keywords = {Condensed Matter - Strongly Correlated Electrons, High Energy Physics - Lattice, Quantum Physics},
year = 2018,
month = dec,
adsurl = {http://adsabs.harvard.edu/abs/2018arXiv181204011O},
adsnote = {Provided by the SAO/NASA Astrophysics Data System}
}

@ARTICLE{2003PhRvL..90v7902V,
author = {{Vidal}, G. and {Latorre}, J.~I. and {Rico}, E. and {Kitaev}, A.
},
title = "{Entanglement in Quantum Critical Phenomena}",
journal = {Physical Review Letters},
eprint = {quant-ph/0211074},
keywords = {Entanglement production characterization and manipulation, Entanglement and quantum nonlocality, Lattice theory and statistics, Critical point phenomena},
year = 2003,
month = jun,
volume = 90,
number = 22,
eid = {227902},
pages = {227902},
doi = {10.1103/PhysRevLett.90.227902},
adsurl = {http://adsabs.harvard.edu/abs/2003PhRvL..90v7902V},
adsnote = {Provided by the SAO/NASA Astrophysics Data System}
}

@article{Maldacena:2001kr,
      author         = "Maldacena, Juan Martin",
      title          = "{Eternal black holes in anti-de Sitter}",
      journal        = "JHEP",
      volume         = "04",
      year           = "2003",
      pages          = "021",
      doi            = "10.1088/1126-6708/2003/04/021",
      eprint         = "hep-th/0106112",
      archivePrefix  = "arXiv",
      primaryClass   = "hep-th",
      reportNumber   = "NSF-ITP-01-59",
      SLACcitation   = "%%CITATION = HEP-TH/0106112;%%"
}

@article{Swingle:2012wq,
      author         = "Swingle, Brian",
      title          = "{Constructing holographic spacetimes using entanglement
                        renormalization}",
      year           = "2012",
      eprint         = "1209.3304",
      archivePrefix  = "arXiv",
      primaryClass   = "hep-th",
      SLACcitation   = "%%CITATION = ARXIV:1209.3304;%%"
}


@ARTICLE{2003quant.ph..5062Z,
   author = {{Zyczkowski}, K.},
    title = "{Renyi extrapolation of Shannon entropy}",
  journal = {eprint arXiv:quant-ph/0305062},
   eprint = {quant-ph/0305062},
 keywords = {Quantum Physics},
     year = 2003,
    month = may,
   adsurl = {http://adsabs.harvard.edu/abs/2003quant.ph..5062Z},
  adsnote = {Provided by the SAO/NASA Astrophysics Data System}
}

@ARTICLE{2016JHEP...12..129N,
   author = {{Nakaguchi}, Y. and {Nishioka}, T.},
    title = "{A holographic proof of R{\'e}nyi entropic inequalities}",
  journal = {Journal of High Energy Physics},
archivePrefix = "arXiv",
   eprint = {1606.08443},
 primaryClass = "hep-th",
 keywords = {AdS-CFT Correspondence, Gauge-gravity correspondence},
     year = 2016,
    month = dec,
   volume = 12,
      eid = {129},
    pages = {129},
      doi = {10.1007/JHEP12(2016)129},
   adsurl = {http://adsabs.harvard.edu/abs/2016JHEP...12..129N},
  adsnote = {Provided by the SAO/NASA Astrophysics Data System}
}


@ARTICLE{2018PhRvB..97d5111H,
   author = {{Hauru}, M. and {Delcamp}, C. and {Mizera}, S.},
    title = "{Renormalization of tensor networks using graph-independent local truncations}",
  journal = {\prb},
archivePrefix = "arXiv",
   eprint = {1709.07460},
 primaryClass = "cond-mat.str-el",
     year = 2018,
    month = jan,
   volume = 97,
   number = 4,
      eid = {045111},
    pages = {045111},
      doi = {10.1103/PhysRevB.97.045111},
   adsurl = {http://adsabs.harvard.edu/abs/2018PhRvB..97d5111H},
  adsnote = {Provided by the SAO/NASA Astrophysics Data System}
}


@ARTICLE{2015PhRvL.115r0405E,
   author = {{Evenbly}, G. and {Vidal}, G.},
    title = "{Tensor Network Renormalization}",
  journal = {Physical Review Letters},
archivePrefix = "arXiv",
   eprint = {1412.0732},
 primaryClass = "cond-mat.str-el",
 keywords = {Quantum statistical mechanics, Computational techniques, simulations, Entanglement production characterization and manipulation, Quantized spin models},
     year = 2015,
    month = oct,
   volume = 115,
   number = 18,
      eid = {180405},
    pages = {180405},
      doi = {10.1103/PhysRevLett.115.180405},
   adsurl = {http://adsabs.harvard.edu/abs/2015PhRvL.115r0405E},
  adsnote = {Provided by the SAO/NASA Astrophysics Data System}
}


@ARTICLE{2015arXiv150907484E,
author = {{Evenbly}, G.},
title = "{Algorithms for tensor network renormalization}",
journal = {arXiv e-prints},
archivePrefix = "arXiv",
eprint = {1509.07484},
primaryClass = "cond-mat.str-el",
keywords = {Condensed Matter - Strongly Correlated Electrons, Quantum Physics},
year = 2015,
month = sep,
adsurl = {http://adsabs.harvard.edu/abs/2015arXiv150907484E},
adsnote = {Provided by the SAO/NASA Astrophysics Data System}
}

@ARTICLE{2009PhRvB..79n4108E,
   author = {{Evenbly}, G. and {Vidal}, G.},
    title = "{Algorithms for entanglement renormalization}",
  journal = {\prb},
archivePrefix = "arXiv",
   eprint = {0707.1454},
 primaryClass = "cond-mat.str-el",
 keywords = {Quantum statistical mechanics, Computational techniques, simulations, Entanglement production characterization and manipulation, Lattice theory and statistics},
     year = 2009,
    month = apr,
   volume = 79,
   number = 14,
      eid = {144108},
    pages = {144108},
      doi = {10.1103/PhysRevB.79.144108},
   adsurl = {http://adsabs.harvard.edu/abs/2009PhRvB..79n4108E},
  adsnote = {Provided by the SAO/NASA Astrophysics Data System}
}

@ARTICLE{2015PhRvL.115t0401E,
author = {{Evenbly}, G. and {Vidal}, G.},
title = "{Tensor Network Renormalization Yields the Multiscale Entanglement Renormalization Ansatz}",
journal = {Physical Review Letters},
archivePrefix = "arXiv",
eprint = {1502.05385},
primaryClass = "cond-mat.str-el",
keywords = {Quantum statistical mechanics, Computational techniques, simulations, Entanglement production characterization and manipulation, Quantized spin models},
year = 2015,
month = nov,
volume = 115,
number = 20,
eid = {200401},
pages = {200401},
doi = {10.1103/PhysRevLett.115.200401},
adsurl = {http://adsabs.harvard.edu/abs/2015PhRvL.115t0401E},
adsnote = {Provided by the SAO/NASA Astrophysics Data System}
}


@ARTICLE{2011JSP...145..891E,
author = {{Evenbly}, G. and {Vidal}, G.},
title = "{Tensor Network States and Geometry}",
journal = {Journal of Statistical Physics},
archivePrefix = "arXiv",
eprint = {1106.1082},
primaryClass = "quant-ph",
keywords = {Quantum many-body, Tensor network states, Entanglement, Matrix product state, Multiscale entanglement renormalization ansatz},
year = 2011,
month = nov,
volume = 145,
pages = {891-918},
doi = {10.1007/s10955-011-0237-4},
adsurl = {http://adsabs.harvard.edu/abs/2011JSP...145..891E},
adsnote = {Provided by the SAO/NASA Astrophysics Data System}
}


@ARTICLE{2018RvMP...90c5007N,
author = {{Nishioka}, T.},
title = "{Entanglement entropy: Holography and renormalization group}",
journal = {Reviews of Modern Physics},
archivePrefix = "arXiv",
eprint = {1801.10352},
primaryClass = "hep-th",
year = 2018,
month = jul,
volume = 90,
number = 3,
eid = {035007},
pages = {035007},
doi = {10.1103/RevModPhys.90.035007},
adsurl = {http://adsabs.harvard.edu/abs/2018RvMP...90c5007N},
adsnote = {Provided by the SAO/NASA Astrophysics Data System}
}

@article{VanRaamsdonk:2009ar,
author         = "Van Raamsdonk, Mark",
title          = "{Comments on quantum gravity and entanglement}",
year           = "2009",
eprint         = "0907.2939",
archivePrefix  = "arXiv",
primaryClass   = "hep-th",
SLACcitation   = "%%CITATION = ARXIV:0907.2939;%%"
}

ARTICLE{2017JPhA...50v3001B,
author = {{Bridgeman}, J.~C. and {Chubb}, C.~T.},
title = "{Hand-waving and interpretive dance: an introductory course on tensor networks}",
journal = {Journal of Physics A Mathematical General},
archivePrefix = "arXiv",
eprint = {1603.03039},
primaryClass = "quant-ph",
year = 2017,
month = jun,
volume = 50,
number = 22,
eid = {223001},
pages = {223001},
doi = {10.1088/1751-8121/aa6dc3},
adsurl = {http://adsabs.harvard.edu/abs/2017JPhA...50v3001B},
adsnote = {Provided by the SAO/NASA Astrophysics Data System}
}


@article{Headrick:2018ctr,
author         = "Headrick, Matthew",
title          = "{Entanglement in Field Theory and Holography}",
booktitle      = "{Proceedings, Theoretical Advanced Study Institute in
Elementary Particle Physics: Physics at the Fundamental
Frontier (TASI 2017): Boulder, CO, USA, June 5-30, 2017}",
journal        = "PoS",
volume         = "TASI2017",
year           = "2018",
pages          = "012",
doi            = "10.22323/1.305.0012",
SLACcitation   = "%%CITATION = POSCI,TASI2017,012;%%"
}


@ARTICLE{2006PhRvB..73i4423V,
author = {{Verstraete}, F. and {Cirac}, J.~I.},
title = "{Matrix product states represent ground states faithfully}",
journal = {\prb},
eprint = {cond-mat/0505140},
keywords = {Entanglement production characterization and manipulation, Entanglement and quantum nonlocality, Quantized spin models, Renormalization group methods},
year = 2006,
month = mar,
volume = 73,
number = 9,
eid = {094423},
pages = {094423},
doi = {10.1103/PhysRevB.73.094423},
adsurl = {http://adsabs.harvard.edu/abs/2006PhRvB..73i4423V},
adsnote = {Provided by the SAO/NASA Astrophysics Data System}
}


@ARTICLE{2010RvMP...82..277E,
author = {{Eisert}, J. and {Cramer}, M. and {Plenio}, M.~B.},
title = "{Colloquium: Area laws for the entanglement entropy}",
journal = {Reviews of Modern Physics},
archivePrefix = "arXiv",
eprint = {0808.3773},
primaryClass = "quant-ph",
keywords = {Entanglement production characterization and manipulation, Lattice theory and statistics, Thermodynamics},
year = 2010,
month = jan,
volume = 82,
pages = {277-306},
doi = {10.1103/RevModPhys.82.277},
adsurl = {http://adsabs.harvard.edu/abs/2010RvMP...82..277E},
adsnote = {Provided by the SAO/NASA Astrophysics Data System}
}


@ARTICLE{2004quant.ph..8130N,
author = {{Nielsen}, M.~A. and {Petz}, D.},
title = "{A simple proof of the strong subadditivity inequality}",
journal = {eprint arXiv:quant-ph/0408130},
eprint = {quant-ph/0408130},
keywords = {Quantum Physics},
year = 2004,
month = aug,
adsurl = {http://adsabs.harvard.edu/abs/2004quant.ph..8130N},
adsnote = {Provided by the SAO/NASA Astrophysics Data System}
}


@article{Lieb:1973zz,
author         = "Lieb, Elliott H. and Ruskai, Mary Beth",
title          = "{A Fundamental Property of Quantum-Mechanical Entropy}",
journal        = "Phys. Rev. Lett.",
volume         = "30",
year           = "1973",
pages          = "434-436",
doi            = "10.1103/PhysRevLett.30.434",
SLACcitation   = "%%CITATION = PRLTA,30,434;%%"
}

@article{Lieb:1973cp,
author         = "Lieb, E. H. and Ruskai, M. B.",
title          = "{Proof of the strong subadditivity of quantum-mechanical
entropy}",
journal        = "J. Math. Phys.",
volume         = "14",
year           = "1973",
pages          = "1938-1941",
doi            = "10.1063/1.1666274",
SLACcitation   = "%%CITATION = JMAPA,14,1938;%%"
}


@ARTICLE{2007PhRvD..76j6013H,
author = {{Headrick}, M. and {Takayanagi}, T.},
title = "{Holographic proof of the strong subadditivity of entanglement entropy}",
journal = {\prd},
archivePrefix = "arXiv",
eprint = {0704.3719},
primaryClass = "hep-th",
keywords = {Gauge/string duality, Entanglement production characterization and manipulation, Quantum gravity, Quantum aspects of black holes evaporation thermodynamics},
year = 2007,
month = nov,
volume = 76,
number = 10,
eid = {106013},
pages = {106013},
doi = {10.1103/PhysRevD.76.106013},
adsurl = {http://adsabs.harvard.edu/abs/2007PhRvD..76j6013H},
adsnote = {Provided by the SAO/NASA Astrophysics Data System}
}


@ARTICLE{2006JHEP...06..012E,
author = {{Emparan}, R.},
title = "{Black hole entropy as entanglement entropy: a holographic derivation}",
journal = {Journal of High Energy Physics},
eprint = {hep-th/0603081},
year = 2006,
month = jun,
volume = 6,
eid = {012},
pages = {012},
doi = {10.1088/1126-6708/2006/06/012},
adsurl = {http://adsabs.harvard.edu/abs/2006JHEP...06..012E},
adsnote = {Provided by the SAO/NASA Astrophysics Data System}
}


@article{Fursaev:2006ih,
author         = "Fursaev, Dmitri V.",
title          = "{Proof of the holographic formula for entanglement
entropy}",
journal        = "JHEP",
volume         = "09",
year           = "2006",
pages          = "018",
doi            = "10.1088/1126-6708/2006/09/018",
eprint         = "hep-th/0606184",
archivePrefix  = "arXiv",
primaryClass   = "hep-th",
SLACcitation   = "%%CITATION = HEP-TH/0606184;%%"
}


@article{Araki:1970ba,
author         = "Araki, H. and Lieb, E. H.",
title          = "{Entropy inequalities}",
journal        = "Commun. Math. Phys.",
volume         = "18",
year           = "1970",
pages          = "160-170",
doi            = "10.1007/BF01646092",
SLACcitation   = "%%CITATION = CMPHA,18,160;%%"
}


@ARTICLE{2012CQGra..29o3001T,
   author = {{Takayanagi}, T.},
    title = "{Entanglement entropy from a holographic viewpoint}",
  journal = {Classical and Quantum Gravity},
archivePrefix = "arXiv",
   eprint = {1204.2450},
 primaryClass = "gr-qc",
     year = 2012,
    month = aug,
   volume = 29,
   number = 15,
      eid = {153001},
    pages = {153001},
      doi = {10.1088/0264-9381/29/15/153001},
   adsurl = {http://adsabs.harvard.edu/abs/2012CQGra..29o3001T},
  adsnote = {Provided by the SAO/NASA Astrophysics Data System}
}


@ARTICLE{2014arXiv1409.1231H,
author = {{Harlow}, D.},
title = "{Jerusalem Lectures on Black Holes and Quantum Information}",
journal = {arXiv e-prints},
archivePrefix = "arXiv",
eprint = {1409.1231},
primaryClass = "hep-th",
keywords = {High Energy Physics - Theory, General Relativity and Quantum Cosmology, Quantum Physics},
year = 2014,
month = sep,
adsurl = {http://adsabs.harvard.edu/abs/2014arXiv1409.1231H},
adsnote = {Provided by the SAO/NASA Astrophysics Data System}
}


@ARTICLE{2008PhRvL.101a0504L,
   author = {{Li}, H. and {Haldane}, F.~D.~M.},
    title = "{Entanglement Spectrum as a Generalization of Entanglement Entropy: Identification of Topological Order in Non-Abelian Fractional Quantum Hall Effect States}",
  journal = {Physical Review Letters},
archivePrefix = "arXiv",
   eprint = {0805.0332},
 keywords = {Entanglement production characterization and manipulation, Fractional statistics systems, Quantum Hall effects},
     year = 2008,
    month = jul,
   volume = 101,
   number = 1,
      eid = {010504},
    pages = {010504},
      doi = {10.1103/PhysRevLett.101.010504},
   adsurl = {http://adsabs.harvard.edu/abs/2008PhRvL.101a0504L},
  adsnote = {Provided by the SAO/NASA Astrophysics Data System}
}



@ARTICLE{2006JHEP...08..045R,
author = {{Ryu}, S. and {Takayanagi}, T.},
title = "{Aspects of holographic entanglement entropy}",
journal = {Journal of High Energy Physics},
eprint = {hep-th/0605073},
year = 2006,
month = aug,
volume = 8,
eid = {045},
pages = {045},
doi = {10.1088/1126-6708/2006/08/045},
adsurl = {http://adsabs.harvard.edu/abs/2006JHEP...08..045R},
adsnote = {Provided by the SAO/NASA Astrophysics Data System}
}


@article{Ryu:2006bv,
author         = "Ryu, Shinsei and Takayanagi, Tadashi",
title          = "{Holographic derivation of entanglement entropy from
AdS/CFT}",
journal        = "Phys. Rev. Lett.",
volume         = "96",
year           = "2006",
pages          = "181602",
doi            = "10.1103/PhysRevLett.96.181602",
eprint         = "hep-th/0603001",
archivePrefix  = "arXiv",
primaryClass   = "hep-th",
reportNumber   = "NSF-KITP-06-11",
SLACcitation   = "%%CITATION = HEP-TH/0603001;%%"
}

@ARTICLE{2016PhRvB..94k5125H,
   author = {{Hauru}, M. and {Evenbly}, G. and {Ho}, W.~W. and {Gaiotto}, D. and 
	{Vidal}, G.},
    title = "{Topological conformal defects with tensor networks}",
  journal = {\prb},
archivePrefix = "arXiv",
   eprint = {1512.03846},
 primaryClass = "cond-mat.str-el",
     year = 2016,
    month = sep,
   volume = 94,
   number = 11,
      eid = {115125},
    pages = {115125},
      doi = {10.1103/PhysRevB.94.115125},
   adsurl = {http://adsabs.harvard.edu/abs/2016PhRvB..94k5125H},
  adsnote = {Provided by the SAO/NASA Astrophysics Data System}
}




@article{Wehrl:1978zz,
      author         = "Wehrl, Alfred",
      title          = "{General properties of entropy}",
      journal        = "Rev. Mod. Phys.",
      volume         = "50",
      year           = "1978",
      pages          = "221-260",
      doi            = "10.1103/RevModPhys.50.221",
      SLACcitation   = "%%CITATION = RMPHA,50,221;%%"
}


@article{Witten:2018zva,
      author         = "Witten, Edward",
      title          = "{A Mini-Introduction To Information Theory}",
      year           = "2018",
      eprint         = "1805.11965",
      archivePrefix  = "arXiv",
      primaryClass   = "hep-th",
      SLACcitation   = "%%CITATION = ARXIV:1805.11965;%%"
}


@ARTICLE{2014PhRvL.112x0502E,
   author = {{Evenbly}, G. and {Vidal}, G.},
    title = "{Class of Highly Entangled Many-Body States that can be Efficiently Simulated}",
  journal = {Physical Review Letters},
archivePrefix = "arXiv",
   eprint = {1210.1895},
 primaryClass = "quant-ph",
 keywords = {Quantum computation, Entanglement and quantum nonlocality, Quantum communication},
     year = 2014,
    month = jun,
   volume = 112,
   number = 24,
      eid = {240502},
    pages = {240502},
      doi = {10.1103/PhysRevLett.112.240502},
   adsurl = {http://adsabs.harvard.edu/abs/2014PhRvL.112x0502E},
  adsnote = {Provided by the SAO/NASA Astrophysics Data System}
}


@ARTICLE{2016NatCo...712472D,
author = {{Dong}, X.},
title = "{The gravity dual of R{\'e}nyi entropy}",
journal = {Nature Communications},
archivePrefix = "arXiv",
eprint = {1601.06788},
primaryClass = "hep-th",
year = 2016,
month = aug,
volume = 7,
eid = {12472},
pages = {12472},
doi = {10.1038/ncomms12472},
adsurl = {http://adsabs.harvard.edu/abs/2016NatCo...712472D},
adsnote = {Provided by the SAO/NASA Astrophysics Data System}
}


@ARTICLE{2012arXiv1205.0639E,
   author = {{Evenbly}, G. and {Vidal}, G.},
    title = "{A real space decoupling transformation for quantum many-body systems}",
  journal = {arXiv e-prints},
archivePrefix = "arXiv",
   eprint = {1205.0639},
 primaryClass = "quant-ph",
 keywords = {Quantum Physics, Condensed Matter - Strongly Correlated Electrons},
     year = 2012,
    month = may,
   adsurl = {http://adsabs.harvard.edu/abs/2012arXiv1205.0639E},
  adsnote = {Provided by the SAO/NASA Astrophysics Data System}
}


@article{White:1992zz,
      author         = "White, Steven R.",
      title          = "{Density matrix formulation for quantum renormalization
                        groups}",
      journal        = "Phys. Rev. Lett.",
      volume         = "69",
      year           = "1992",
      pages          = "2863-2866",
      doi            = "10.1103/PhysRevLett.69.2863",
      SLACcitation   = "%%CITATION = PRLTA,69,2863;%%"
}


@ARTICLE{2007PhRvL..99l0601L,
   author = {{Levin}, M. and {Nave}, C.~P.},
    title = "{Tensor Renormalization Group Approach to Two-Dimensional Classical Lattice Models}",
  journal = {Physical Review Letters},
   eprint = {cond-mat/0611687},
 keywords = {Renormalization group methods, Quantum information},
     year = 2007,
    month = sep,
   volume = 99,
   number = 12,
      eid = {120601},
    pages = {120601},
      doi = {10.1103/PhysRevLett.99.120601},
   adsurl = {http://adsabs.harvard.edu/abs/2007PhRvL..99l0601L},
  adsnote = {Provided by the SAO/NASA Astrophysics Data System}
}


@ARTICLE{2012PhRvB..86d5139X,
   author = {{Xie}, Z.~Y. and {Chen}, J. and {Qin}, M.~P. and {Zhu}, J.~W. and 
	{Yang}, L.~P. and {Xiang}, T.},
    title = "{Coarse-graining renormalization by higher-order singular value decomposition}",
  journal = {\prb},
archivePrefix = "arXiv",
   eprint = {1201.1144},
 primaryClass = "cond-mat.stat-mech",
 keywords = {Renormalization group methods, Theories and models of many-electron systems, Classical spin models},
     year = 2012,
    month = jul,
   volume = 86,
   number = 4,
      eid = {045139},
    pages = {045139},
      doi = {10.1103/PhysRevB.86.045139},
   adsurl = {http://adsabs.harvard.edu/abs/2012PhRvB..86d5139X},
  adsnote = {Provided by the SAO/NASA Astrophysics Data System}
}



@ARTICLE{2015arXiv151204938Y,
   author = {{Yang}, S. and {Gu}, Z.-C. and {Wen}, X.-G.},
    title = "{Loop optimization for tensor network renormalization}",
  journal = {arXiv e-prints},
archivePrefix = "arXiv",
   eprint = {1512.04938},
 primaryClass = "cond-mat.str-el",
 keywords = {Condensed Matter - Strongly Correlated Electrons, Condensed Matter - Statistical Mechanics, Quantum Physics},
     year = 2015,
    month = dec,
   adsurl = {http://adsabs.harvard.edu/abs/2015arXiv151204938Y},
  adsnote = {Provided by the SAO/NASA Astrophysics Data System}
}



@ARTICLE{2017PhRvL.118y0602B,
   author = {{Bal}, M. and {Mari{\"e}n}, M. and {Haegeman}, J. and {Verstraete}, F.
	},
    title = "{Renormalization Group Flows of Hamiltonians Using Tensor Networks}",
  journal = {Physical Review Letters},
archivePrefix = "arXiv",
   eprint = {1703.00365},
 primaryClass = "cond-mat.stat-mech",
     year = 2017,
    month = jun,
   volume = 118,
   number = 25,
      eid = {250602},
    pages = {250602},
      doi = {10.1103/PhysRevLett.118.250602},
   adsurl = {http://adsabs.harvard.edu/abs/2017PhRvL.118y0602B},
  adsnote = {Provided by the SAO/NASA Astrophysics Data System}
}



@ARTICLE{2016arXiv160700050Y,
   author = {{Ying}, L.},
    title = "{Tensor Network Skeletonization}",
  journal = {arXiv e-prints},
archivePrefix = "arXiv",
   eprint = {1607.00050},
 primaryClass = "math.NA",
 keywords = {Mathematics - Numerical Analysis, Condensed Matter - Strongly Correlated Electrons, Physics - Computational Physics, 65Z05, 82B28, 82B80},
     year = 2016,
    month = jun,
   adsurl = {http://adsabs.harvard.edu/abs/2016arXiv160700050Y},
  adsnote = {Provided by the SAO/NASA Astrophysics Data System}
}


@ARTICLE{2010PhRvL.105e0502S,
   author = {{Swingle}, B.},
    title = "{Entanglement Entropy and the Fermi Surface}",
  journal = {Physical Review Letters},
archivePrefix = "arXiv",
   eprint = {0908.1724},
 primaryClass = "cond-mat.str-el",
 keywords = {Quantum statistical mechanics, Entanglement production characterization and manipulation, Electron gas Fermi gas},
     year = 2010,
    month = jul,
   volume = 105,
   number = 5,
      eid = {050502},
    pages = {050502},
      doi = {10.1103/PhysRevLett.105.050502},
   adsurl = {http://adsabs.harvard.edu/abs/2010PhRvL.105e0502S},
  adsnote = {Provided by the SAO/NASA Astrophysics Data System}
}



@ARTICLE{2006PhRvL..96j0503G,
   author = {{Gioev}, D. and {Klich}, I.},
    title = "{Entanglement Entropy of Fermions in Any Dimension and the Widom Conjecture}",
  journal = {Physical Review Letters},
   eprint = {quant-ph/0504151},
 keywords = {Entanglement production characterization and manipulation, Fermion systems and electron gas},
     year = 2006,
    month = mar,
   volume = 96,
   number = 10,
      eid = {100503},
    pages = {100503},
      doi = {10.1103/PhysRevLett.96.100503},
   adsurl = {http://adsabs.harvard.edu/abs/2006PhRvL..96j0503G},
  adsnote = {Provided by the SAO/NASA Astrophysics Data System}
}


@INPROCEEDINGS{2017tasi.conf..215M,
   author = {{McGreevy}, J.},
    title = "{TASI 2015 Lectures on Quantum Matter (with a View Toward Holographic Duality)}",
booktitle = {New Frontiers in Fields and Strings (TASI 2015},
     year = 2017,
archivePrefix = "arXiv",
   eprint = {1606.08953},
 primaryClass = "hep-th",
   editor = {{Polchinski}, J. and {et al.}},
    pages = {215-296},
      doi = {10.1142/9789813149441_0004},
   adsurl = {http://adsabs.harvard.edu/abs/2017tasi.conf..215M},
  adsnote = {Provided by the SAO/NASA Astrophysics Data System}
}



@ARTICLE{2007JSMTE..08...24H,
   author = {{Hastings}, M.~B.},
    title = "{An area law for one-dimensional quantum systems}",
  journal = {Journal of Statistical Mechanics: Theory and Experiment},
archivePrefix = "arXiv",
   eprint = {0705.2024},
 primaryClass = "quant-ph",
     year = 2007,
    month = aug,
   volume = 8,
    pages = {08024},
      doi = {10.1088/1742-5468/2007/08/P08024},
   adsurl = {http://adsabs.harvard.edu/abs/2007JSMTE..08...24H},
  adsnote = {Provided by the SAO/NASA Astrophysics Data System}
}

@ARTICLE{2007PhRvB..76c5114H,
   author = {{Hastings}, M.~B.},
    title = "{Entropy and entanglement in quantum ground states}",
  journal = {\prb},
   eprint = {cond-mat/0701055},
 keywords = {Entanglement and quantum nonlocality, Quantum statistical mechanics, Renormalization group methods},
     year = 2007,
    month = jul,
   volume = 76,
   number = 3,
      eid = {035114},
    pages = {035114},
      doi = {10.1103/PhysRevB.76.035114},
   adsurl = {http://adsabs.harvard.edu/abs/2007PhRvB..76c5114H},
  adsnote = {Provided by the SAO/NASA Astrophysics Data System}
}


@PROCEEDINGS{2017LNP...931.....R,
    title = "{Holographic Entanglement Entropy}",
 keywords = {Physics},
booktitle = {Lecture Notes in Physics, Berlin Springer Verlag},
     year = 2017,
   series = {Lecture Notes in Physics, Berlin Springer Verlag},
   volume = 931,
archivePrefix = "arXiv",
   eprint = {1609.01287},
 primaryClass = "hep-th",
   editor = {{Rangamani}, M. and {Takayanagi}, T.},
      doi = {10.1007/978-3-319-52573-0},
   adsurl = {http://adsabs.harvard.edu/abs/2017LNP...931.....R},
  adsnote = {Provided by the SAO/NASA Astrophysics Data System}
}

@ARTICLE{2008PhRvD..77h5021V,
   author = {{Velytsky}, A.},
    title = "{Entanglement entropy in d+1 SU(N) gauge theory}",
  journal = {\prd},
archivePrefix = "arXiv",
   eprint = {0801.4111},
 primaryClass = "hep-th",
 keywords = {Lattice gauge theory, General properties of QCD},
     year = 2008,
    month = apr,
   volume = 77,
   number = 8,
      eid = {085021},
    pages = {085021},
      doi = {10.1103/PhysRevD.77.085021},
   adsurl = {http://adsabs.harvard.edu/abs/2008PhRvD..77h5021V},
  adsnote = {Provided by the SAO/NASA Astrophysics Data System}
}


@ARTICLE{2011LRR....14....8S,
   author = {{Solodukhin}, S.~N.},
    title = "{Entanglement Entropy of Black Holes}",
  journal = {Living Reviews in Relativity},
archivePrefix = "arXiv",
   eprint = {1104.3712},
 primaryClass = "hep-th",
 keywords = {Bekenstein-Hawking entropy, black holes, entanglement entropy},
     year = 2011,
    month = oct,
   volume = 14,
      eid = {8},
    pages = {8},
      doi = {10.12942/lrr-2011-8},
   adsurl = {http://adsabs.harvard.edu/abs/2011LRR....14....8S},
  adsnote = {Provided by the SAO/NASA Astrophysics Data System}
}

@ARTICLE{2007JHEP...07..062H,
   author = {{Hubeny}, V.~E. and {Rangamani}, M. and {Takayanagi}, T.},
    title = "{A covariant holographic entanglement entropy proposal}",
  journal = {Journal of High Energy Physics},
archivePrefix = "arXiv",
   eprint = {0705.0016},
 primaryClass = "hep-th",
     year = 2007,
    month = jul,
   volume = 7,
      eid = {062},
    pages = {062},
      doi = {10.1088/1126-6708/2007/07/062},
   adsurl = {http://adsabs.harvard.edu/abs/2007JHEP...07..062H},
  adsnote = {Provided by the SAO/NASA Astrophysics Data System}
}










